2858 4964
408 363 455 418 ΔΙ)
475 363 574 420 sors
593 363 638 420 ΑΙ.
675 365 707 421 V.
721 365 878 421 148-151.
1006 442 1010 449 .
1171 370 1222 426 115

63 520 140 586 lein.
162 516 285 606 Synon.
310 521 349 586 T.
366 519 425 588 IV.
451 522 503 587 95.
536 521 798 606 contrariumque
825 530 914 588 octus
944 532 1038 607 utque
1061 526 1221 608 αολίςαατ,

62 613 167 692 prisci
195 620 226 673 ct
255 619 395 688 veteres,
425 608 570 676 παλαιὸν
599 613 655 676 καὶ
678 609 820 696 ἀρχαῖον
841 610 922 697 Lys.
946 633 974 680 c.
998 610 1238 697 Andoc.107,.

65 700 118 764 51.
149 695 273 784 ἀρχαῖα
301 702 357 764 καὶ
385 696 512 766 παλαιοί
539 698 656 765 Liban.
686 699 781 764 Decl.
809 699 849 765 T.
873 700 902 765 I.
924 723 957 786 p.
981 702 1056 767 209.
1084 702 1222 769 Aristot.

64 787 213 870 Metaph.
233 787 317 852 XII.
342 790 374 870 8,
398 791 471 853 744.
496 787 536 854 Ε.
550 789 577 873 ¹)
608 810 747 872 quorum
774 788 942 854 nominum
964 788 1138 857 discrimen
1159 799 1224 857 tra·
1237 808 1280 853 rsa

65 875 113 942 dit
136 875 325 942 Demetrius
348 876 388 941 de
411 877 505 943 Eloc.
529 899 557 942 c.
586 879 657 942 175.
681 900 714 963 p.
739 878 790 942 72.
816 876 951 963 ἀρχαῖοι
973 876 1181 969 ἐντιμότερον
1202 873 1225 961 ἢ

64 967 214 1048 παλαιοί,
236 987 343 1050 neque
364 966 477 1053 negari
499 973 619 1050 potest,
642 965 683 1030 de
705 965 873 1032 vocabulis
896 965 985 1032 idem
1005 967 1113 1034 valere
1135 967 1226 1054 qnod

66 1053 106 1118 de
131 1051 221 1118 foliis
245 1053 311 1119 dici
333 1054 435 1139 solet,
464 1054 589 1121 nullum
611 1078 712 1120 unum
734 1055 828 1120 alteri
850 1055 994 1142 perfecte
1018 1056 1120 1123 simile
1143 1079 1226 1142 esse,

65 1141 126 1208 sed
159 1141 242 1207 haec
271 1141 460 1210 discrimina
490 1143 684 1255 plerumque
720 1143 922 1210 delitescunt.
979 1145 1094 1230 Itaque
1129 1147 1227 1213 etiam

65 1229 288 1318 Sophocleum
310 1231 391 1297 illud
414 1235 500 1314 βοτα
523 1236 579 1298 καὶ
601 1236 704 1316 λείαν,
728 1241 761 1298 et
783 1232 872 1317 quod
892 1233 978 1300 infra
999 1234 1120 1323 legitur
1134 1238 1228 1320 μῆλα

66 1324 123 1386 καὶ
156 1324 300 1403 ποίμνας
328 1346 360 1386 v.
384 1323 479 1386 1061.
509 1316 616 1405 δεσμοὶ
642 1325 699 1387 καὶ
726 1319 869 1409 βρόχους
894 1323 968 1409 Iph.
998 1323 1034 1390 T.
1061 1326 1156 1390 1411.
1185 1322 1229 1390 ad

66 1407 247 1474 sententiae
270 1410 462 1496 gravitatem
483 1410 535 1476 vel
559 1409 753 1480 evidentiam
776 1411 857 1476 nihil
880 1413 1061 1478 conferunt.

155 1497 199 1563 V.
226 1501 298 1564 148.
356 1496 510 1576 Τοιούςόε
536 1540 581 1549 7-
610 1497 777 1565 πλόσσαν.
835 1499 945 1566 Affert
976 1501 1065 1567 hunc
1098 1523 1227 1567 versum

67 1585 188 1654 Suidas
212 1609 238 1652 s.
269 1587 452 1674 Ψιθυρίζει.
486 1587 596 1675 Etym.
620 1587 668 1653 M.
693 1589 770 1671 819,
794 1589 823 1653 2.
847 1592 964 1675 κυρίως
986 1593 1039 1656 ἐπὶ
1061 1592 1126 1655 τῶν
1147 1607 1228 1680 ψευ-

67 1677 217 1760 δομένων
239 1674 278 1741 τό
301 1677 492 1766 ψιθυρίζειν
513 1673 730 1761 λαμβάνεται.

156 1763 201 1830 V.
220 1766 294 1829 151.
339 1760 507 1832 Εόπιιστα
531 1768 624 1848 λέγει.
670 1764 729 1831 La.
754 1787 804 1851 pr.
827 1766 866 1830 Γ.
890 1764 984 1830 Harl.
1006 1764 1082 1832 Jen.
1106 1773 1140 1831 et
1162 1763 1228 1832 dno

68 1853 269 1918 Brunclriani
292 1849 437 1933 τόπιστα,
462 1854 660 1919 aBrunolrio
684 1862 718 1919 et
731 1853 880 1920 Porsono
896 1853 983 1919 Adv.
1033 1855 1133 1920 .183.
1153 1877 1230 1942 pro-

68 1941 197 2022 batum3
224 1944 323 2008 ceteri
346 1939 511 2026 εόπαστ-α,
533 1966 631 2028 quam
646 1942 821 2008 lectionem
837 1943 987 2030 exprimit
1003 1877 1124 2010 dlossa
1138 1940 1230 2010 εὐκό-

69 2034 132 2109 λως
162 2030 360 2118 πειθόμενα.
413 2031 454 2096 Id
483 2055 544 2119 ego
573 2032 607 2097 in
629 2031 691 2096 Ed.
715 2033 770 2096 Pr.
796 2032 922 2120 recepi,
947 2032 1026 2118 quia
1046 2040 1084 2098 ut
1106 2028 1230 2099 ἄπιστα

70 2128 102 2184 et
125 2117 285 2196 ὃόςπιστα
315 2119 485 2203 dicuntur,
513 2144 596 2205 quae
619 2129 735 2186 natura
757 2144 816 2187 sua
839 2144 859 2186 a
879 2121 944 2187 fide
967 2121 1159 2206 abhorrent,
1183 2121 1231 2187 sic
1279 2166 1281 2175 ι

71 2203 209 2275 εόπιστα
237 2207 302 2273 dici
329 2233 390 2296 par
419 2218 469 2275 est
497 2232 578 2295 quae
606 2231 666 2275 sua
694 2218 811 2296 sponte
839 2217 872 2275 et
898 2234 957 2297 per
987 2233 1022 2277 se
1051 2209 1265 2298 probabilia..

70 2305 156 2379 sunt,
182 2293 333 2364 εόπαστα
355 2321 443 2382 vero,
467 2321 549 2383 quae
566 2299 667 2364 facile
690 2298 851 2384 aliquibus
866 2299 1114 2385 persuadentur.
1159 2300 1232 2386 Ap·

70 2394 164 2472 paret
186 2395 295 2452 autem
317 2387 447 2468 famam,
476 2411 559 2472 quae
582 2387 623 2452 de
645 2388 749 2475 Ajace
771 2388 990 2468 increbuerat,
1020 2388 1233 2454 familiaribus

72 2478 142 2562 ejus
172 2481 240 2539 tam
269 2498 336 2540 non
366 2475 554 2542 credibilem
584 2499 681 2561 quam
704 2476 745 2542 ab
769 2475 962 2544 adversariis
986 2477 1105 2564 cupide
1130 2476 1234 2543 credi·

71 2572 138 2629 tam
161 2585 244 2630 esse.
291 2563 412 2651 AdJeci
434 2566 468 2630 in
491 2566 787 2653 Aesch.Ag.124.
812 2563 1054 2652 στρατόμαντις
1076 2561 1154 2631 ίδόν
1174 2563 1233 2633 δύο

73 2651 198 2738 λήμασι
227 2649 360 2730 δισσοὺς
383 2653 546 2736 Ἀτρείδας
568 2658 748 2742 μαχίμους,
775 2653 951 2741 legendum
977 2653 1081 2719 videri
1110 2651 1236 2736 λήμασι

73 2737 208 2818 πιστοός
237 2749 274 2806 ut
300 2742 392 2809 Pers,
417 2744 468 2808 55.
500 2742 662 2823 τοξουλκῶ
694 2740 816 2826 λήματι
839 2739 991 2824 πιστοός,
1019 2751 1053 2806 et
1075 2739 1234 2808 Simonid.

73 2829 188 2918 Epigr.
207 2829 411 2897 XXXVHI.
437 2828 585 2915 εὐτόλμῳ
607 2835 717 2921 ψυχᾶς
739 2827 864 2915 λοίματι
885 2827 1094 2914 πειθόμενοι,
1116 2827 1152 2894 id
1174 2836 1235 2911 est,

72 2916 282 2995 austeriorum
312 2922 359 3004 τῷ
387 2917 448 3005 ἀφ’
473 2921 598 2986 ἑαυτῶν
627 2916 775 3009 εὐψύχῳ,
798 2927 835 2983 ut
857 2918 1068 3006 Thucydides
1091 2918 1236 3003 loquitur

72 3007 116 3073 Π.
141 3009 195 3074 39.
216 3080 217 3083 ¹
242 3007 336 3072 Haec
358 3009 394 3074 in
415 3007 478 3073 Ed.
501 3007 555 3073 Pr.
602 3007 703 3073 Nunc
727 3002 881 3074 εόπειστα
903 3007 944 3073 ab
968 3007 1118 3074 omnibus
1146 3027 1236 3073 rece-

74 3105 168 3182 ptum
199 3104 264 3179 est,
294 3119 355 3163 nec
383 3098 516 3184 injuria3
545 3119 731 3182 quanquam
752 3096 914 3163 vocabula
944 3099 1121 3184 conjugata
1141 3096 1237 3162 facile

74 3207 141 3249 non
169 3184 277 3250 solum
305 3208 325 3250 a
351 3186 560 3271 loquentibus
590 3184 649 3252 sed
679 3186 775 3252 etiam
803 3187 889 3251 inter
918 3185 1126 3251 scribendum
1149 3207 1238 3252 oom-

74 3281 252 3339 mutantur.
307 3271 455 3360 Simplex
482 3273 616 3341 πειστόν
644 3299 711 3341 nou
739 3276 773 3341 in
802 3298 864 3341 usu
884 3274 985 3340 fuisse
1008 3274 1152 3358 videtur,
1180 3272 1239 3341 sed

75 3359 193 3429 πιστόν
223 3361 351 3428 dicitur.
371 3365 468 3430 etiam
496 3388 557 3450 pro
587 3361 755 3448 πιθανόν,
790 3372 827 3429 ut
854 3361 992 3451 Antiph.
1021 3387 1053 3450 p.
1079 3365 1161 3448 122,
1184 3365 1237 3428 41.

76 3454 174 3517 τοῦτο
205 3449 400 3540 πιστότερον
427 3449 449 3533 ἢ
478 3451 707 3540 ἀληθέστερον
735 3449 914 3536 σύγκειται,
941 3452 998 3518 ubi
1026 3452 1130 3540 magis
1158 3459 1240 3517 tem·

17 3613 24 3621 x
75 3541 206 3625 poraria
228 3551 333 3618 πεῖσις
356 3563 453 3626 quam
477 3549 565 3607 certa
587 3544 695 3618 πίστις
718 3541 929 3629 significatur.
970 3537 1147 3618 Πειστικός
1161 3563 1239 3605 vero

77 3628 208 3782 7717
221 3627 669 3804 1297527912.ιῇ
694 3631 768 3784 tlt·
792 3629 998 3784 stru
1023 3628 1065 3784 3⁰
1078 3629 1238 3784 tutu

79 3804 209 3872 XVIII.
240 3808 316 3872 481.
353 3808 442 3893 quod
477 3817 515 3872 ut
545 3806 731 3894 Stephanus
761 3806 979 3893 Xenophonti
1013 3805 1108 3874 reddi
1131 3805 1241 3894 jussit,

80 3893 207 3960 Polluci
228 3895 289 3962 IV.
315 3897 368 3965 21.
399 3896 594 3975 Salmasius,
625 3895 810 3961 Menandro
833 3896 1020 3962 Meinekius
1047 3919 1080 3984 p.
1098 3895 1172 3960 202.
1196 3894 1242 3958 ita
1255 3912 1298 3957 140

81 3993 176 4049 erunt
197 3984 336 4051 fortasse
362 3986 418 4071 qui
440 3983 533 4053 Stob.
556 3985 629 4053 Ecl.
644 3983 688 4053 Il.
713 3987 744 4050 7.
769 3986 844 4051 236.
867 3984 968 4074 Diog.
984 3983 1045 4052 IV.
1072 3985 1123 4051 12.
1147 3979 1241 4069 Orig.

154 4163 179 4227 ¹)
197 4168 320 4219 Timaeus
338 4183 364 4232 p.
378 4168 420 4218 51.
440 4159 511 4232 αόην
529 4169 575 4217 καὶ
591 4161 685 4237 ξηράν,
704 4159 880 4238 παραλλήλοις
898 4163 991 4218 ιίπιν·
1009 4164 1070 4215 ἔστι
1088 4157 1118 4213 δὲ
1129 4153 1243 4214 ταύτόν.

84 4236 188 4288 hesiod.
212 4240 311 4303 Theog.
332 4238 392 4290 233.
421 4232 542 4305 ἀψευδέα
568 4240 624 4288 καί
639 4231 757 4302 ἀληθέα.
794 4241 916 4305 Apollon.
939 4239 984 4290 111.
1011 4237 1070 4287 967.
1098 4226 1172 4300 ἄνεῳ
1199 4236 1245 4284 καί

85 4298 205 4360 ἄναυδοι.
234 4311 309 4361 Plato
331 4310 412 4374 chg.
435 4312 469 4362 X.
490 4312 549 4363 902.
575 4313 608 4362 A.
632 4297 656 4360 ui
680 4303 775 4379 ἄριστε
799 4312 845 4361 καὶ
868 4305 1002 4376 βέλτιστα.
1042 4306 1093 4358 Sed
1116 4307 1244 4359 Hesiodus

87 4375 144 4444 Opp.
160 4381 184 4430 4.
203 4371 310 4447 ἄφατοί
324 4397 356 4430 τι
373 4383 460 4448 φατοί
474 4399 514 4444 τι,
534 4379 619 4450 ῥητοί
633 4375 662 4431 τ’
678 4373 799 4452 ἄρρητοί
813 4398 845 4432 τι
863 4383 911 4431 hac
929 4379 999 4444 gravi
1017 4379 1154 4431 verborum
1171 4380 1247 4445 copia

88 4450 231 4515 dignitatem
249 4461 275 4505 et
292 4454 507 4518 magnificentiam
526 4456 572 4516 rei,
592 4470 669 4519 qnam
689 4461 787 4515 πιστοί,
807 4455 916 4504 scienter
933 4451 1100 4502 adumbravit.
