2858 4964
132 400 135 405 ⁴
213 347 269 401 ’106
577 362 582 367 ·
657 342 931 400 mutaremus

215 498 322 584 πολλὴ
352 501 573 591 properatin
603 502 742 570 Tlreocr.
771 500 888 568 XXII.
920 503 994 571 156.
1021 503 1065 568 ef.
1091 501 1301 570 wenedos.
1329 504 1369 570 ad

216 592 341 658 Himer.
361 593 434 660 ltel.
457 592 541 660 XX.
566 594 597 674 3,
621 593 694 657 271.
723 592 857 676 βραχεῖς
883 612 944 677 pro
973 591 1070 678 pauci
1092 589 1213 678 Polyb.
1233 592 1294 658 IV.
1320 596 1369 677 19,

218 683 267 746 10.
291 680 414 749 Euseb.
438 682 624 748 Demonstr.
647 679 688 748 L.
704 679 754 745 Π.
779 681 831 745 72.
846 679 891 744 D.
914 678 1023 746 Nicet.
1040 680 1129 749 Amr.
1146 680 1280 766 VII.8,
1299 684 1367 748 127.

214 768 254 836 Β.
278 768 420 858 Niceph.
444 767 546 859 Greg.
569 769 657 835 Hist.
672 768 736 834 IX.
761 772 792 850 4,
817 769 891 836 250.
912 768 950 833 F.
974 778 1008 834 et
1030 768 1116 855 apud
1139 778 1267 836 veteres
1290 773 1369 854 βρα-

147 901 157 909 ae
212 863 273 944 χέα
302 861 488 947 oppositum
515 861 561 942 mi
589 855 698 925 πολλά
725 882 757 926 v.
781 854 996 925 Schoemann.
1020 857 1063 923 ad
1086 858 1215 924 Isaeum
1238 883 1273 945 p.
1300 859 1369 927 185.

160 969 204 1014 ms
217 960 345 1032 μετρεῖν
365 971 426 1035 pro
450 946 610 1032 ἀριθμεῖν
632 956 666 1012 et
688 944 866 1033 διμέτρητοι
888 970 947 1030 pro
970 944 1158 1033 ἀνάριθμοι
1180 972 1212 1013 v.
1237 947 1369 1015 Jacobs.

215 1035 259 1102 sd
281 1037 382 1103 Anth.
406 1037 476 1103 Pal.
500 1056 534 1123 p.
548 1039 603 1102 47.
623 1039 751 1119 pondus
774 1034 863 1122 apud
884 1033 1021 1102 Latinos
1042 1059 1102 1122 pro
1127 1040 1232 1120 copto,
1263 1041 1371 1121 quanti

216 1148 277 1212 pro
300 1136 376 1210 pust
399 1133 459 1192 etc.
505 1126 560 1192 Ab
583 1125 734 1190 hisvero
757 1124 962 1211 acyrologiae
986 1124 1151 1211 exemplis,
1176 1148 1261 1210 quae
1278 1127 1371 1193 certis

216 1215 397 1370 ttttt
406 1214 586 1391 2313111
595 1213 1021 1369 ⁰3tt⁰tltt.tllttl
1023 1223 1087 1369 ii
1101 1214 1373 1389 tltlttttlt.

136 1414 137 1418 ’
216 1393 424 1478 metaphorae
453 1393 493 1458 ab
524 1392 587 1471 ulio
616 1415 734 1479 genere
757 1391 976 1458 translationis
999 1393 1033 1456 in
1056 1391 1144 1457 eliud
1165 1394 1370 1459 transeuntis.

215 1480 257 1547 In
278 1489 416 1568 introque
438 1481 650 1560 veteressibi
672 1481 774 1546 multa
795 1478 1001 1549 indulserunt
1022 1481 1142 1547 nostris
1158 1482 1371 1568 scriptoribus

213 1571 424 1638 inconcessa:
460 1569 518 1638 sed
551 1570 634 1636 haec
664 1570 848 1635 incertum
882 1569 1028 1635 ordinem
1063 1568 1168 1658 redigi
1197 1581 1370 1656 nequeunt.

215 1659 378 1727 Pindarus
400 1659 497 1727 Nem.
521 1659 581 1726 VI.
605 1659 659 1724 45.
683 1648 738 1723 uir'
757 1657 825 1724 ἀπὸ
848 1655 947 1738 τάξον
969 1657 1042 1724 ἱεῑο’
1063 1655 1183 1724 εὔθυνε
1207 1702 1251 1710 -
1275 1653 1371 1743 οὖρον

215 1751 328 1834 ἐπέων,
348 1772 416 1815 non
438 1749 544 1815 minus
566 1748 703 1813 licenter
717 1747 872 1832 loquutus
889 1751 939 1812 est
952 1769 1050 1833 quam
1065 1747 1113 1812 illi
1129 1747 1195 1832 qui,
1218 1756 1257 1813 ut
1272 1746 1372 1831 Quin·

208 1839 346 1905 *titianus
366 1840 436 1922 ¹nit,
463 1855 566 1923 quum
588 1837 713 1903 initium
736 1856 757 1902 ε
777 1844 971 1923 tempestate
992 1845 1195 1920 sumserunt,
1225 1837 1372 1904 incendio

203 1931 272 1993 ‘aut
302 1929 398 1993 ruina
428 1927 562 2006 liniunt3
598 1930 696 1992 λῦσαι
725 1922 759 1990 δ’
785 1932 819 1991 ἐκ
847 1923 973 2008 πυρσὸν
1002 1929 1122 2011 ἔρωτος
1151 1922 1258 2013 Orph.
1292 1928 1370 2015 Arg.

218 2017 314 2082 1900.
344 2013 468 2099 ἀνάψει
495 2019 597 2104 νέφος
625 2017 769 2100 οἰμωγῆς
789 2014 869 2081 Eur.
893 2013 984 2080 Med.
1017 2039 1048 2080 v.
1075 2017 1147 2080 107.
1172 2023 1205 2080 et
1228 2017 1276 2082 sie
1298 2017 1371 2082 item

216 2103 289 2171 ulia.
312 2108 315 2113 ⁴
339 2102 440 2188 Quod
466 2103 510 2169 ad
538 2103 799 2191 conjunctionem
825 2102 1072 2190 disparabilium
1101 2104 1236 2187 attinet,
1259 2128 1300 2170 ea
1321 2112 1372 2171 eut

216 2199 329 2259 eontra
359 2200 508 2258 naturam
542 2200 656 2258 estut
683 2185 793 2283 ἀλφός
820 2194 923 2274 μέλας
950 2191 1078 2259 Anecd.
1109 2216 1140 2280 p.
1164 2194 1239 2260 686.
1273 2196 1371 2279 νεβρῆ

215 2281 386 2367 παρδολάη
407 2278 514 2368 Orph.
538 2281 621 2384 Arg.
638 2283 713 2346 451.
736 2282 869 2365 μολυβῆ
891 2285 1026 2368 κεραμίς
1045 2282 1165 2348 Athen.
1182 2281 1282 2348 XIV.
1300 2284 1369 2349 621.

214 2371 258 2437 Α.
287 2374 430 2457 κέραμος
457 2370 621 2455 ἀρμορονς
648 2369 707 2436 Vl.
738 2371 815 2438 229.
844 2368 882 2436 0.
917 2369 1012 2451 πυξὶς
1041 2373 1150 2456 χαλκῆ
1180 2369 1299 2438 Galen.
1335 2369 1370 2437 de

216 2456 333 2545 Oomp.
362 2457 454 2526 Med.
481 2483 514 2545 p.
543 2458 624 2525 Imo.
650 2458 695 2526 Π.
726 2460 800 2526 584.
830 2459 870 2524 Τ.
898 2459 979 2526 XII.
1009 2461 1064 2526 vel
1091 2463 1245 2544 κερατίνη
1276 2460 1369 2527 Alex.

215 2547 315 2616 Trall.
336 2549 365 2616 Ι.
391 2549 519 2632 1035.
543 2565 625 2634 quse
645 2547 806 2615 Proculus
828 2548 863 2613 in
878 2545 967 2615 Oret.
993 2569 1021 2615 o.
1046 2550 1098 2616 83.
1120 2570 1153 2636 p.
1169 2550 1224 2617 44.
1248 2551 1370 2637 ψευδο-

171 2665 175 2674 ·
213 2635 324 2723 νάμως
351 2637 417 2705 (1ίοί
443 2636 544 2704 tradit
565 2639 625 2718 τῆς
646 2634 727 2719 ὕλης
749 2634 1007 2723 μεταπεσούσης,
1031 2645 1064 2703 et
1086 2637 1260 2724 compositi
1284 2647 1372 2726 parte

216 2727 386 2795 obliterata
408 2725 593 2810 ἱπποκόμος
615 2730 680 2793 τῶν
703 2723 860 2811 καμήλων
883 2751 914 2792 v.
930 2726 1088 2797 Valokcn.
1112 2726 1155 2792 ad
1169 2726 1297 2793 Herod.
1314 2726 1369 2795 VI.

217 2817 291 2884 129.
344 2816 420 2883 Alit
448 2824 562 2884 contra
587 2834 698 2898 usum,
728 2818 819 2899 σιμοὶ
846 2808 907 2895 τὴν
936 2814 1065 2898 κνήμην
1093 2815 1227 2884 Helicd.
1249 2816 1312 2882 III.
1346 2818 1371 2897 1,

217 2908 291 2974 108.
313 2903 432 2984 καλλὸς
452 2908 546 2989 ποῦς,
566 2909 647 2991 χεὶρ,
653 2901 745 2990 χωλή
760 2928 792 2970 v.
808 2902 956 2969 Philemo
973 2905 1097 2971 Techn.
1113 2928 1146 2990 p.
1164 2906 1239 2971 209.
1263 2903 1371 2973 Schol.

215 2995 318 3062 Arist.
341 2995 405 3061 Ar.
431 2997 527 3062 1386.
549 2995 611 3079 qu.
630 2995 725 3060 1094.
767 2991 892 3060 Verum
914 2993 996 3060 haec
1018 2995 1053 3060 in
1075 3003 1267 3060 transcursu
1291 3003 1370 3061 tmo-

213 3084 278 3150 tari
299 3105 365 3150 non
386 3095 535 3170 possunt.
751 3117 754 3121 v

129 3174 163 3212 ‘⁴‘
304 3170 348 3238 V.
367 3173 439 3238 131.
481 3171 540 3250 Ὡς
560 3170 668 3256 ἡμέρα
691 3207 733 3224 -
757 3164 833 3248 τοὺς
854 3168 984 3248 κακούς.
1022 3169 1213 3237 llustathius
1236 3169 1280 3238 de
1297 3170 1371 3238 Ism.

70 3303 82 3330 ι
177 3285 191 3345 j
214 3257 260 3325 II.
283 3283 316 3346 p.
334 3262 387 3326 70.
411 3257 487 3338 τούς
509 3256 573 3345 γάρ
598 3257 775 3349 σώφρονας
798 3262 876 3325 θεοὶ
900 3261 1035 3348 φιλοῦσι
1056 3263 1112 3325 καὶ
1127 3261 1287 3344 στυγοῦσι
1301 3256 1373 3338 τοὺς

70 3405 81 3429 ,
113 3394 115 3399 .
144 3420 150 3426 Β
216 3346 347 3428 κακούς.
375 3349 436 3416 llo.
459 3350 515 3416 Pn.
568 3349 696 3416 Inutilis
719 3355 752 3415 et
774 3370 1016 3434 supervacanea
1046 3359 1096 3416 est
1124 3350 1286 3416 correctio
1315 3349 1374 3414 viri

109 3470 136 3493 ε
213 3436 307 3504 docti
328 3438 363 3504 in
377 3438 493 3505 Disrio
508 3437 613 3506 Olass.
629 3439 672 3506 A.
688 3435 933 3506 MDOOOXV.
957 3461 989 3525 p.
1008 3439 1082 3506 254.
1107 3437 1149 3514 ὡς
1171 3428 1264 3524 ἦμαρ
1287 3445 1372 3504 ἕν·-

296 3527 443 3595 *V.134.1
465 3530 539 3596 135.
585 3524 771 3613 Τελαμώνιε
793 3539 865 3610 παῖ,
888 3529 948 3606 τῆς
970 3524 1159 3615 ἀμφιρύταν
1173 3527 1374 3612 Σαλαμΐνος

208 3617 299 3702 ‘lgm
326 3615 466 3703 βάθρον
492 3613 661 3705 ἀγχιάλου.
706 3616 918 3704 Musgmvius
948 3616 1075 3682 omissis
1103 3619 1163 3698 τῆς
1185 3613 1375 3704 ἀμφιράτου

213 3712 255 3770 ut
274 3707 543 3793 supervacaneis,
573 3714 716 3794 systema
738 3705 998 3792 anapaestioum,
1014 3706 1050 3772 si
1070 3705 1241 3793 vulgsrem·
1262 3706 1298 3771 in
1319 3703 1376 3772 de·

215 3794 407 3861 soribendis'
426 3796 573 3862 versibus
601 3818 724 3862 morem
753 3796 936 3880 sequimur,
964 3818 984 3861 a
1010 3803 1212 3861 monometro
1235 3794 1375 3877 inducit,

163 3956 165 3961 ,
217 3883 580 4040 pppdpermmmest,
603 3875 629 3949 oi
653 3882 740 3991 ‹pdoc
763 3882 866 3967 ἀμνόν
882 3880 982 3992 Soph,
998 3884 1051 3949 111.
1069 3886 1121 3951 86.
1138 3906 1178 3992 ep
1193 3883 1376 3950 Hermanni

218 3971 1377 4150 1.6191090911.11.6111111411

162 4168 206 4215 129
217 4151 301 4218 liunt
323 4148 441 4219 Suidas
465 4174 491 4220 s.
516 4148 679 4233 Βάθρον,
707 4149 821 4237 Lydus
846 4150 877 4215 d.
901 4149 993 4238 Mag.
1017 4149 1058 4215 L.
1081 4149 1105 4215 Ι.
1129 4173 1161 4235 p.
1182 4151 1232 4216 14.
1264 4149 1376 4218 Schol.

217 4235 297 4308 Eur.
321 4237 468 4310 Phoenn.
493 4242 567 4308 246.
598 4238 840 4307 Grammaticus
869 4239 903 4306 in
932 4238 1059 4306 Anecd.
1082 4238 1218 4306 Bachm.
1242 4263 1276 4326 p.
1301 4240 1376 4306 369.

219 4337 253 4395 et
273 4330 307 4396 in
328 4328 482 4440 Append.
507 4328 608 4416 Greg.
633 4352 666 4414 p.
684 4330 759 4395 680.
797 4328 849 4394 Αο
873 4328 901 4394 si
915 4328 1127 4416 Musgravius
1150 4325 1314 4401 dubitarit
1337 4353 1379 4397 an

219 4417 326 4484 insula
347 4422 505 4506 ἀγχίαλος
528 4415 593 4485 dici
616 4441 682 4484 non
704 4417 819 4503 possit,
842 4415 877 4482 id
892 4417 1050 4484 refellitur
1065 4415 1198 4485 Gemini
1214 4419 1379 4506 exemplo,
