2850 4956
654 342 919 394 ΣΟΦΟΚΛΕΟΥΣ
940 353 949 362 ‘

354 503 503 588 ίσφηλεν,
528 498 721 582 ἐμβαλοῦσα
745 492 895 575 λυσσώδη
919 492 1031 579 νόσον,

355 601 430 671 ὥστ’
453 611 487 670 ἐν
510 604 648 679 τοιοῖςδε
668 612 788 688 χεῖρας
805 596 945 686 αἱμάξαι
966 601 1095 685 βοτοῖς·

354 720 456 775 κεῖνοι
478 706 511 772 δ’
533 708 746 791 ἐπεγγελώσιν
769 701 1010 795 ἐκπεφευγότες,

356 815 436 898 ἐμοῦ
458 816 519 895 μὲν
543 809 601 897 οὐχ
624 807 773 886 ἐκόντος·
798 810 881 874 είδί
906 833 953 886 τις
976 811 1068 874 θεῶν

356 913 508 1002 βλάπτοι,
532 913 631 1004 φύγοι
654 912 683 998 γ’
705 909 747 980 ι’ίν
766 911 814 999 χώ
837 907 938 990 κακός
960 908 1020 980 τὸν
1043 915 1229 1002 κρείσσονα.

355 1024 411 1086 καὶ
434 1023 493 1086 νῦν
515 1023 548 1085 τί
568 1014 631 1105 χρὴ
656 1019 758 1104 δρᾷνς
782 1013 873 1094 ὅστις
895 1020 1050 1108 ἐμφανῶς
1072 1021 1169 1096 θεοῖς

355 1125 567 1210 ἐχθαίρομαι,
589 1133 678 1206 μισεῖ
701 1124 735 1187 δέ
758 1120 794 1205 μ’
810 1119 975 1202 Ἑλλήνων
999 1119 1154 1211 στρατός·

358 1231 451 1314 ἔχθει
475 1229 508 1294 δέ
537 1230 641 1314 Τροιά
664 1229 757 1291 πᾶσα
781 1229 836 1291 καὶ
860 1227 956 1292 πεδία
979 1223 1068 1292 τώδε.

355 1329 478 1418 πότερα
501 1328 584 1418 πρὸς
608 1330 725 1413 οίκονς,
752 1326 934 1413 ναυλόχους
957 1324 1059 1396 λιπών
1082 1332 1187 1417 ίδρας,

356 1433 477 1521 μόνους
499 1434 528 1501 τ’
556 1436 728 1520 Ἀτρείδας,
750 1437 893 1517 πέλαγος
909 1437 1054 1518 Λὶγαῖον
1077 1437 1164 1523 περῶ
1171 1463 1180 1516 3

356 1544 412 1606 καὶ
434 1550 531 1606 ποῖον
555 1536 646 1624 ὄμμα
670 1544 770 1622 πατρὶ
794 1535 929 1618 δηλώσω
953 1543 1072 1628 φανεὶς

362 1648 549 1728 Τελαμώνις
572 1647 641 1721 πῶς
663 1668 702 1727 με
727 1640 882 1722 τλήσεταί
904 1642 978 1709 ποτ’
1000 1645 1126 1721 είςιδεῖν

357 1744 482 1833 γυμνὸν
505 1753 654 1838 φανέντα
677 1751 742 1811 τῶν
765 1744 938 1833 ἀριστείων
961 1742 1047 1833 ι’ίτερ,

358 1843 403 1919 ὧν
426 1846 526 1929 αὐτὸς
549 1855 620 1936 ἔσχε
644 1857 811 1939 στέφανον
836 1849 980 1928 εὐκλείας
1002 1857 1121 1936 μίγανς
1188 1843 1189 1847 “

359 1955 417 2022 οὐκ
440 1959 507 2022 ἐστι
529 1947 671 2043 τοῦργον
694 1953 828 2034 τλητόν·
854 1953 940 2021 ἀλλὰ
963 1955 1033 2039 δῆτ’
1055 1949 1112 2021 ίών

357 2055 439 2146 πρὸς
462 2063 564 2146 ἔρυμα
582 2056 721 2145 Τρώων,
745 2055 915 2142 ξυμπεσών
937 2057 1041 2147 μόνος
1062 2057 1176 2143 μόνοις

359 2167 413 2228 καὶ
437 2165 527 2250 δρώυ
546 2189 577 2228 τι
596 2160 751 2251 χρηστὸν,
777 2160 845 2228 εἶτα
869 2166 1026 2230 λοίσθιον
1048 2160 1162 2244 θώνω;

359 2265 432 2332 ἀλλ’
452 2257 513 2332 ὧδὲ
536 2266 565 2351 γ’
593 2267 758 2349 Ἀτρείδας
782 2260 825 2332 ι’ίν
848 2264 1050 2357 εὐφράναιμί
1071 2290 1145 2333 που.

360 2370 418 2438 οὐκ
441 2374 507 2436 ἐστι
531 2373 651 2437 ταῦτα·
675 2368 773 2458 πεῖροί
796 2396 845 2448 τις
868 2373 1006 2451 ζητητέα

359 2473 455 2541 τοιάδ
462 2473 484 2558 ’,
508 2474 569 2564 ἀφ’
590 2465 629 2555 ἧς
651 2481 781 2559 γέροντι
804 2473 939 2554 δηλώσω
961 2480 1072 2562 πατρί,

336 2630 340 2636 ..
358 2576 405 2664 μή
428 2604 480 2645 τοι
502 2576 602 2669 φύσιν
624 2578 656 2662 γ’
676 2576 887 2666 ἄσπλαγχνος
910 2587 944 2644 ἐκ
967 2585 1075 2646 κείνου
1097 2577 1209 2663 γεγώς.

358 2679 497 2769 αίσχρὸυ
519 2680 583 2769 γὰρ
607 2680 713 2768 ἄνδρα
736 2688 797 2750 τοῦ
818 2686 947 2771 μακροῦ
965 2680 1093 2776 χρῄζειν
1114 2685 1201 2766 βίου,

263 2788 264 2791 '
358 2800 508 2856 κακοῖσιν
531 2786 622 2866 ὅστις
643 2790 744 2872 μηδὲν
767 2785 1011 2868 ἐξαλλοίοσεται.

358 2897 390 2957 τί
412 2887 476 2981 γοίρ
498 2891 578 2979 παρ’
599 2885 689 2978 ἦμαρ
715 2891 819 2979 ἡμέρα
842 2898 970 2980 τέρπειν
993 2896 1056 2978 ἔχει

359 3001 546 3082 προςθεῖσα
569 2995 761 3062 κοίναθεῖσα
784 3002 842 3063 τοῦ
865 3022 900 3081 γε
922 3000 1122 3083 κατθανεῖν;

360 3097 418 3166 οὐκ
443 3096 484 3164 ὀίν
507 3105 668 3186 πριαίμην
692 3099 825 3179 οὐδενὸς
847 3101 948 3185 λόγου
969 3097 1102 3189 βροτὸν,

360 3199 450 3280 ὅστις
472 3215 619 3268 κεναῖσιν
642 3208 769 3272 ἐλπίσιν
794 3209 1020 3293 θερμαίνεται.

360 3305 431 3372 ἀλλ’
452 3303 473 3388 ἢ
496 3312 603 3386 καλῶς
625 3311 681 3400 ζῇν
704 3304 726 3391 ἢ
748 3314 854 3388 καλῶς
876 3314 1075 3391 τεθνηκέναι

360 3406 419 3476 τὸν
443 3410 557 3497 εὐγενῆ
576 3412 657 3501 χρή·
680 3406 779 3479 πάντ’
799 3412 944 3495 ἀκήκοας
967 3412 1076 3499 λόγον.

712 3571 856 3622 ΧΟΡΟΣ.

365 3667 478 3746 Οὐδείς
501 3677 565 3756 ἐρεῖ
587 3669 687 3750 ποθ’,
710 3670 752 3747 ώς
775 3668 973 3755 ὑπόβλητον.
987 3668 1096 3757 λόγον,

343 3770 457 3851 Λίἀς,
480 3773 599 3855 ἔλεξας,
624 3770 711 3856 ἀλλὰ
733 3778 792 3855 τῆς
812 3777 939 3847 ,σαυτοῦ
962 3774 1092 3866 φρενός.

291 3892 294 3898 ’
360 3879 487 3943 παῦσαί
509 3904 544 3962 γε
567 3883 680 3962 μέντοι
702 3883 756 3945 καὶ
781 3874 837 3958 δὸς
861 3876 1022 3968 ἀνδράσιν
1045 3883 1156 3969 φίλοις

360 3978 491 4067 γνώμης
512 3986 686 4070 κρατῆσαι,
710 3981 805 4062 τοίςδε
828 3988 1012 4077 φροντίδας
1034 3988 1160 4072 μεθείς.

663 4145 714 4192 ΤΕ
718 4145 747 4193 Κ
750 4145 817 4192 ΜΗ
818 4145 847 4193 Σ
848 4145 914 4194 M.

352 4227 395 4303 Ὦ
418 4236 548 4303 δέσποτ’
568 4241 666 4320 Αίας,
689 4245 749 4325 τῆς
772 4240 958 4327 ἀναγκαίας
979 4239 1079 4329 τύχης
1179 4271 1182 4275 ·

361 4339 420 4409 οὐκ
443 4343 530 4410 ἐστιν
554 4341 648 4412 οὐδὲν
669 4346 782 4432 μεῖζον
805 4342 981 4433 σἰθρώποις
1003 4342 1115 4413 κακίν.
