2850 4956
210 338 246 394 58
651 331 926 390 COMMENTARIUS

211 492 436 581 prosodiacas,
464 514 546 576 quae
574 490 615 557 ab
646 490 816 556 oculorum
846 490 1081 558 consuetudine
1107 512 1171 557 ncn
1194 491 1289 558 nimis
1313 493 1369 559 ab·

209 585 358 663 horrent,
388 590 422 647 et
450 589 486 646 ut
514 578 701 646 coronidem
730 581 851 667 ipsam,
881 603 978 665 quam
1006 579 1138 665 quidam
1160 589 1216 646 aut
1238 572 1368 667 penitus

210 669 425 757 abjiciendem
451 677 509 735 aut
536 691 636 754 parce
659 667 880 755 ambiguitatis
902 668 1052 738 vitandae
1076 691 1173 735 causa
1196 668 1367 736 admitten-

189 759 285 825 dam
313 766 431 844 putant
460 783 491 823 v.
520 757 664 844 Elmslej.
695 755 737 821 ad
759 757 850 824 Med.
873 783 904 823 v.
925 760 1001 823 465.
1046 757 1206 833 Matthiae
1230 758 1273 824 ad
1295 757 1366 845 Iph.

209 849 249 914 T.
274 848 349 915 336.
378 846 555 913 Mehlhcrn
584 846 626 910 ad
648 846 772 911 Anacr.
801 870 834 932 p.
857 847 909 912 56.
941 869 1102 931 quamque
1131 847 1367 931 antiquioribus

209 939 356 1024 ignotam
383 935 481 1001 fixisse
512 935 622 1022 colligi
648 943 757 1020 potest
778 934 897 1022 partim
920 959 960 1000 ex
983 933 1279 1011 Grammaticorum
1304 936 1367 1003 dis-

212 1025 396 1112 ceptatione
419 1023 459 1089 de
483 1024 711 1111 conjunctione
733 1027 829 1108 κᾷτα,
853 1033 961 1089 utrum
984 1047 1022 1089 ea
1044 1047 1084 1090 ex
1106 1028 1162 1090 καὶ
1185 1020 1367 1091 alau'com-

210 1114 317 1201 pcsita
344 1136 385 1177 an
413 1113 461 1178 sic
490 1121 527 1177 ut
557 1115 641 1193 δῆτα
671 1111 833 1199 producta
855 1114 897 1178 sit
918 1138 949 1178 v.
972 1113 1129 1199 Apollon.
1154 1113 1194 1178 de
1218 1112 1313 1200 Oonj.
1336 1138 1366 1200 p.

211 1205 286 1268 496.
310 1202 428 1288 partim
451 1224 492 1266 ex
515 1223 564 1283 eo,
592 1201 681 1285 quod
701 1202 736 1267 in
759 1203 926 1288 signorum
948 1201 1215 1287 prosodiacorum
1238 1225 1368 1269 enume-

212 1292 335 1356 ratione
358 1298 436 1355 nota
452 1290 572 1356 crasios
589 1290 757 1373 omittitur,
779 1314 846 1356 non
868 1291 972 1356 solum
987 1288 1263 1374 a,Grammaticis,
1289 1312 1368 1375 quos

212 1402 323 1446 omnes
346 1387 475 1462 norunt,
506 1379 564 1445 sed
588 1379 628 1444 ab
651 1379 837 1466 Epiphanio
861 1401 989 1465 quoque
1013 1378 1054 1445 de
1076 1380 1184 1446 Mens.
1208 1388 1241 1445 et
1261 1379 1367 1446 Pond.

211 1494 245 1556 p.
270 1471 341 1534 159.
400 1465 553 1533 Ceterum
583 1468 731 1556 Tragicis
758 1469 863 1534 forma
890 1468 977 1534 illius
1006 1469 1144 1535 nominis
1173 1468 1214 1534 ab
1244 1469 1368 1557 origine

209 1558 343 1645 propior
364 1558 597 1642 frequentatur,
620 1563 786 1645 Λαέρτης,
809 1562 985 1646 Λαέρτιος,
1007 1554 1230 1643 Λαερτιάδης,
1253 1563 1368 1645 Λαερ-

210 1649 311 1729 altine.
979 1647 984 1653 ”

297 1735 339 1804 V.
362 1737 392 1802 2.
441 1730 571 1819 Πεῖράν
594 1732 657 1801 τιν’
677 1737 810 1821 ἐχθρῶν
832 1731 984 1820 ἁρπάσαι
1008 1730 1216 1820 θηρώμενον.
1262 1732 1369 1800 Affert

209 1826 297 1892 hunc
319 1848 450 1893 versum
470 1821 589 1892 Suidas
612 1845 638 1889 s.
655 1827 775 1910 Πεῖρα.
821 1821 1023 1891 Scholiastae
1047 1822 1239 1910 disceptant,
1260 1832 1369 1890 utrum

209 1914 291 1980 hacc
320 1916 363 1981 sit
392 1924 489 1999 πεῖρα
513 1911 585 1979 κατ’
605 1914 738 1998 ἐχθρῶν
761 1913 868 1979 activa
890 1913 1137 2002 significatione,
1160 1921 1197 1978 ut
1220 1915 1369 1989 ἐπίθεσις

210 2007 275 2069 τῶν
304 2005 469 2085 πολεμίων
490 1999 590 2067 Diod.
613 2000 711 2068 XIV.
741 2023 770 2067 c.
795 2004 847 2068 80.
878 2025 919 2068 an
948 2000 1031 2086 παρ’
1052 2004 1198 2089 ἐχθρῶν,
1221 2002 1289 2067 hoc
1312 2010 1368 2084 est,

211 2100 320 2158 utrum
347 2091 463 2159 Ulixes
495 2089 644 2158 hostibus
677 2090 810 2157 insidias
845 2113 960 2178 parare
990 2113 1032 2156 an
1066 2089 1225 2176 quidquid
1258 2091 1368 2156 hostes

211 2181 453 2263 machinentur,
487 2180 672 2268 praeripere
708 2179 852 2264 dicatur,
889 2203 1027 2265 quorum
1060 2187 1233 2265 utrumque
1263 2202 1368 2268 gnaro

212 2269 288 2336 duci
312 2270 473 2353 convenit,
503 2265 541 2335 τὸ
571 2266 776 2352 ὀξνλαβῆσαι
807 2265 869 2349 τὴν
897 2268 1018 2356 πρᾶξιν
1046 2271 1102 2334 καὶ
1124 2263 1163 2334 τὰ
1186 2270 1252 2335 τῶν
1276 2274 1368 2334 ἐναν-

211 2362 289 2425 τίαν
312 2354 372 2438 τὴν
394 2355 527 2442 χνάμην
549 2355 853 2445 προαισθάνεσθαι
868 2356 986 2426 Galen.
1003 2357 1044 2423 de
1059 2357 1155 2424 Parv.
1171 2357 1234 2423 Pil.
1249 2357 1367 2424 Exerc.

210 2447 271 2516 III.
296 2449 370 2514 905.
398 2448 437 2514 Τ.
460 2446 504 2515 V.
527 2446 577 2513 ed.
601 2447 733 2515 Kuchn.
785 2447 948 2533 Equidem
969 2447 1132 2534 posterius
1156 2455 1188 2513 et
1210 2467 1369 2533 personae

172 2578 179 2591 .
210 2536 319 2605 Ulixis
343 2546 376 2603 et
397 2537 560 2623 praesenti
583 2538 652 2623 ejus
675 2536 808 2624 negotio
832 2537 1075 2615 convenientius
1093 2534 1255 2623 judicavi3
1278 2534 1369 2617 illud,

212 2627 288 2712 quia
313 2627 376 2693 iste
403 2628 470 2692 τῶν
493 2621 626 2706 ἀδήλων
650 2621 804 2712 θηρατὴς
825 2625 980 2693 Philostr.
1002 2624 1129 2712 Imagg.
1151 2626 1178 2691 I.
1204 2626 1280 2691 862.
1303 2647 1369 2690 ma·

236 2717 261 2782 'a
285 2714 438 2784 cavendis
462 2737 560 2800 quam
582 2713 779 2781 instruendis
802 2715 928 2782 insidiis
944 2714 1133 2781 nobilitatus
1148 2721 1211 2797 est,
1231 2713 1269 2779 id
1284 2712 1370 2798 quod

211 2740 333 2893 &dyas
363 2805 424 2873 IV.
449 2806 523 2871 242.
554 2811 587 2870 et
615 2811 686 2869 tota
712 2803 856 2870 Dolonia
884 2812 1037 2884 testatum
1066 2803 1148 2886 hoo,
1178 2803 1255 2887 quia
1282 2823 1383 2868 nunc¹

211 2896 318 2981 ipsum
346 2893 579 2981 exploratoris,
608 2916 674 2959 non
702 2892 918 2973 insidiatoris,
941 2902 1051 2980 partas
1074 2893 1221 2959 sustinet.
1267 2891 1371 2977 quue

214 2983 444 3050 confirmabam
477 2983 581 3069 ipsius
616 2981 707 3048 verbi
736 2981 905 3070 ἁρπάζειν
921 3005 999 3066 usu,
1033 3005 1053 3048 a
1079 3005 1115 3048 re
1141 2981 1307 3064 venatica,
1336 2988 1372 3046 ut

212 3073 367 3158 pleraque
389 3073 424 3137 in
447 3073 592 3137 oratione
614 3072 795 3155 Minervae,
818 3072 991 3138 translato:
1021 3094 1096 3137 nam
1117 3070 1250 3158 proprie
1274 3090 1371 3135 canes

213 3160 352 3226 venatici
379 3180 457 3225 aare
485 3165 600 3243 coquet
628 3170 760 3244 captant
789 3182 888 3228 curua
917 3158 1032 3228 Senec.
1062 3159 1198 3246 Hippol.
1222 3160 1275 3224 39.
1304 3158 1372 3224 sive

214 3257 412 3332 apprensum
427 3246 561 3315 Gratius
578 3246 661 3337 Cyn.
681 3251 755 3318 239.
779 3246 1064 3335 ἐπιλαμβάνονται
1086 3251 1145 3328 τῆς
1160 3251 1224 3314 τῶν
1240 3249 1373 3335 θηρίων

215 3335 322 3422 ὀσμῆς
344 3338 511 3406 Plutarch.
536 3335 672 3420 Quaest.
695 3339 776 3405 Nat.
799 3339 933 3405 XXIII.
952 3341 1005 3405 20.
1028 3337 1068 3404 Τ.
1084 3335 1182 3404 XIII.
1206 3343 1373 3423 postremo

172 3449 200 3494 71
215 3430 246 3492 οἱ
273 3423 366 3503 κύνες
393 3423 623 3511 ἁρπάζουσι
651 3423 693 3494 τά
722 3425 895 3512 πνεύματα
923 3427 1008 3494 Poll.
1031 3425 1074 3494 V.
1097 3425 1197 3511 60.1)
1233 3447 1275 3490 ex
1309 3447 1373 3509 quo

212 3513 300 3581 idem
327 3538 446 3582 nomen
468 3515 646 3583 Plutarcho
676 3516 717 3583 de
739 3515 818 3584 Soll.
841 3517 953 3583 Anim.
982 3540 1016 3604 p.
1040 3517 1115 3581 969.
1137 3514 1177 3580 Β.
1202 3514 1251 3599 (c.
1274 3513 1372 3580 XIII.

216 3606 290 3670 162.
320 3605 359 3671 Τ.
380 3604 493 3692 XIII.)
524 3602 547 3689 ἡ
575 3603 736 3686 αἴσθησις
764 3608 830 3673 τῶν
844 3601 964 3672 ’κανῶν
991 3612 1062 3682 τοῖς
1089 3601 1190 3691 ἰ’χνεσι
1218 3604 1275 3668 καὶ
1304 3613 1376 3680 τοῖς

213 3689 377 3778 πνεύμασι
400 3696 459 3760 τοῦ
479 3697 605 3779 θηρίου
627 3688 688 3774 τὴν
711 3690 820 3785 ςονχὴν
843 3696 1050 3778 ἐπιδείκνυσι,
1071 3691 1198 3759 restitui
1219 3713 1281 3778 pro
1305 3702 1375 3768 τοῖς

214 3778 361 3867 νεύμασι.
412 3781 476 3849 His
505 3783 605 3871 igitur
632 3781 761 3851 indiciis
784 3783 903 3850 ductus
925 3789 1044 3870 πεῖραν
1067 3783 1200 3869 ἐχθρῶν
1222 3777 1375 3865 ἁρπάσαι

215 3872 314 3938 statui
335 3871 422 3938 idem
444 3872 646 3960 significare,
670 3873 759 3958 quod
781 3872 870 3961 apud
892 3873 1062 3939 Platonem
1084 3869 1157 3938 civ.
1180 3869 1207 3936 I.
1231 3870 1308 3936 334.
1331 3868 1371 3934 Α.

213 3955 257 4028 col
283 3963 350 4027 τῶν
377 3962 544 4046 πολεμίων
572 3963 693 4052 κλέψαι
713 3961 943 4047 βουλεύματα,
966 3961 1054 4047 apud
1077 3959 1255 4026 Arrianum
1276 3957 1370 4024 Alex.

289 4141 313 4208 ¹)
332 4145 502 4211 Hippocrates
524 4146 626 4229 saepius
651 4138 746 4215 ἐρύσαι
768 4137 822 4209 τὴν
845 4134 946 4211 ὀδμὴν,
970 4144 1107 4209 Antipater
1129 4143 1182 4196 sic.
1201 4141 1312 4195 XXVII.
1333 4138 1370 4190 1⁰.

215 4210 366 4284 ἐρύσασθαι
387 4214 539 4287 μυκτῆρσιν
562 4209 682 4283 uicaria,
710 4217 776 4268 Plut.
796 4217 883 4282 Symp.
902 4217 934 4268 11.
957 4218 979 4267 1.
1000 4215 1060 4266 647.
1078 4216 1108 4266 Ε.
1129 4212 1167 4281 (p.
1190 4212 1250 4264 114.
1269 4215 1301 4264 Τ.
1313 4207 1370 4292 IX.)

215 4279 297 4353 ὀσμαὶ
321 4281 511 4358 ἁρπαζόμεναι
532 4290 593 4341 παῖε
616 4281 774 4357 ὄσφρὴσασι,
803 4289 925 4355 Hippocr.
952 4289 984 4338 de
1009 4286 1087 4338 Ocrd.
1112 4302 1137 4351 p.
1156 4284 1217 4336 448.
1241 4287 1272 4336 Τ.
1294 4285 1316 4336 Ι.
1339 4299 1371 4332 τι

216 4349 304 4409 οὔατα
322 4353 440 4429 ἁρπάζει
457 4350 510 4411 τὸν
528 4351 603 4429 wilpa,
624 4374 690 4426 quae
709 4361 796 4412 omnia
813 4375 829 4411 a
846 4360 963 4412 manibus
981 4359 1014 4410 ad
1033 4373 1107 4410 aures
1125 4371 1266 4422 naresque,
1284 4356 1372 4410 dehinc

216 4431 248 4481 ad
267 4432 379 4485 animum
397 4433 519 4486 translata
537 4439 604 4483 sunt.
