2874 4972
449 362 496 416 AD
515 363 612 417 SOPH.
632 362 678 416 ΑΙ.
715 365 747 418 V.
760 365 821 417 222.
1165 366 1214 420 141

61 542 145 605 quae
173 519 353 585 communis
380 519 509 606 generis
533 528 625 602 sunt,
648 527 818 585 accentum
840 521 1068 586 femininorum
1095 521 1216 589 habere

59 609 175 692 solent,
198 605 358 696 Σαρδών,
381 605 566 690 Ἀνθηδών,
587 606 787 690 Ἀσπληδών,
811 607 988 693 Ἰσσηδών,
1011 609 1216 697 Σαρπηδών,
1229 633 1272 680 170

58 720 133 762 narn
160 721 227 763 non
254 698 352 763 heros
380 697 487 764 solum
515 698 561 762 ita
590 697 709 761 dicitur
738 697 797 763 sed
826 706 858 762 et
880 699 986 763 insula
1009 708 1041 765 et
1062 722 1162 786 rupes
1184 725 1215 765 v.

58 785 238 851 Herodian.
262 811 296 852 π.
320 812 395 871 μον.
420 789 448 850 λ.
472 810 504 872 p.
523 789 552 851 9.
576 785 634 851 ubi
656 784 826 872 φαρκιδόν
849 785 971 852 editum
994 808 1056 873 pro
1084 793 1218 872 Φαρκα-

59 873 124 940 doio
151 899 182 939 v.
206 874 321 962 Steph.
352 875 496 941 άσσιδών
522 899 582 961 pro
603 872 792 955 'Inundatus
824 873 939 959 Itaque
969 875 1217 963 Σαρπήδοντος

59 963 212 1029 scribitur
239 964 297 1030 sed
325 961 569 1051 Σαρπηδόνος,
597 972 630 1028 et
656 964 815 1029 Ἀκίδαντι
842 972 880 1028 ut
902 962 1090 1030 Κελάδοντι
1102 967 1130 1044 1)
1158 964 1217 1030 sed

58 1049 238 1130 Ἆπιδόνος.
289 1053 401 1138 Atque
428 1053 515 1132 bunc
538 1052 658 1118 flexum
680 1060 859 1137 sequuntur
881 1054 977 1118 etiam
1000 1052 1162 1140 adjectiva
1183 1055 1217 1117 in

60 1161 141 1241 ζων,
169 1156 315 1238 άλαζιόν,
345 1161 470 1239 ὀλίζων,
495 1161 621 1241 μείζων,
645 1169 682 1224 ut
706 1158 844 1224 duorum
867 1160 1218 1247 generum-substan·

58 1249 126 1312 tiva
153 1271 230 1313 vero
261 1248 308 1314 sic
334 1251 507 1314 terminata
529 1273 594 1315 non
618 1258 728 1314 extant
749 1256 878 1334 praeter
898 1251 1048 1336 propria3
1079 1247 1218 1335 Stepha-

58 1359 120 1401 nus
149 1333 291 1416 Ἀλαζών
320 1341 423 1415 ἔθνος
453 1335 602 1417 ὀξύνεται
632 1333 687 1402 διά
716 1340 800 1422 (scr.
829 1340 935 1422 κατὰ)
965 1337 1004 1403 τό
1028 1335 1218 1404 ἐπιθετικόν

59 1429 116 1490 καὶ
146 1424 304 1514 φυλάττει
326 1423 365 1491 τό
389 1435 415 1490 c]
438 1424 521 1510 πρὸς
544 1423 810 1508 άντιδιαστολήν.
842 1425 1049 1511 [Ἀλλαζωνες
1070 1424 1216 1493 Herode.

58 1513 121 1579 IV.
153 1518 203 1578 17.
233 1512 417 1593 Ἁλάζωνας
448 1517 499 1579 52.
552 1514 630 1578 Alio
665 1522 819 1595 accentu,
848 1514 924 1596 quia
952 1514 1090 1580 diastole
1118 1516 1218 1598 nulla,

60 1602 215 1667 scribitur
236 1600 402 1680 Ἀλίζωνες
424 1604 457 1667 in
480 1601 590 1668 Schol.
608 1596 694 1670 Veri.
718 1601 759 1665 B.
785 1603 859 1666 858.
885 1624 967 1686 quos
991 1603 1219 1688 quidam-eos·

61 1690 136 1754 dem
159 1697 285 1775 putant.
310 1690 468 1774 [Ἀλιζωσι
490 1691 630 1756 Pausan.
654 1691 679 1755 I.
706 1692 758 1772 32,
786 1690 827 1776 1.]
850 1689 891 1754 In
906 1691 978 1755 Iud.
994 1691 1121 1756 Anecd.
1145 1715 1219 1778 pro-

61 1780 209 1844 feruntur
235 1775 333 1858 Ἅζων
362 1787 395 1844 et
422 1778 534 1858 Ῥίζων
555 1802 616 1865 per
639 1788 664 1842 ω
686 1778 867 1857 declinata3
896 1788 993 1864 atque
1020 1780 1102 1845 baec
1124 1780 1220 1866 bary·

59 1877 139 1932 tona
167 1867 331 1933 Arcadius
360 1868 429 1933 sine
459 1868 557 1934 dubio
580 1877 661 1933 ,ante
691 1868 804 1932 oculos
831 1866 945 1932 habuit
972 1893 1004 1955 p.
1029 1873 1078 1934 11.
1111 1866 1152 1934 τά
1176 1877 1220 1946 εὶς

60 1976 124 2051 ζων
153 1971 310 2062 ἀρσενικὰ
333 1973 528 2059 βαρύνεται,
559 1971 658 2038 ὁπότε
680 1966 727 2057 μὴ
752 1971 799 2053 εἴη
821 1971 1087 2060 ὑπερδισόλλαβα
1110 1971 1132 2057 ἢ
1154 1970 1218 2061 πρό

60 2063 172 2138 τέλους
195 2066 257 2146 ἔχει
279 2064 408 2146 μακρόν
431 2057 468 2127 τό
492 2072 525 2146 ᾰ,
550 2069 576 2127 εὶ
598 2060 691 2126 πόλει
715 2061 890 2147 όμωννμεῖ,
914 2059 986 2129 οἷον
1007 2066 1140 2149 μείζων,
1168 2069 1218 2149 ῥί-

60 2150 123 2229 ζων
145 2150 235 2236 (cod.
259 2146 369 2237 ὄζων),
392 2151 523 2231 όλὶζων,
546 2151 603 2216 ubi
625 2173 685 2236 pro
707 2152 825 2233 μείζων
848 2151 948 2216 scribi
971 2161 1100 2239 oportet
1120 2153 1218 2236 Ἀμα-

60 2236 134 2322 ζών,
155 2264 231 2304 nam
253 2239 288 2304 id
309 2241 523 2306 masculinum
544 2262 673 2324 quoque
690 2247 740 2304 est
755 2264 785 2304 v.
802 2237 916 2326 Steph.
935 2248 967 2306 et
981 2243 1119 2326 acuitur,
1143 2242 1219 2326 quia

59 2327 157 2414 alpha
178 2329 315 2416 longum
337 2329 371 2394 in
393 2329 538 2416 paralexi
560 2329 658 2394 habet
679 2353 710 2393 v.
726 2327 838 2395 Draco
853 2353 886 2416 p.
907 2332 980 2413 100,
1004 2333 1034 2398 2.
1057 2355 1118 2418 pro
1136 2332 1219 2405 ὄζων

58 2440 155 2501 vero,
186 2417 275 2503 quod
298 2418 370 2483 cod.
395 2418 494 2497 addit,
521 2413 620 2493 Ἄξων
642 2417 704 2482 viri
727 2425 759 2482 et
781 2417 871 2483 fluvii
893 2442 1021 2503 nomen,
1044 2418 1133 2505 quod
1155 2419 1218 2484 boc

59 2515 198 2571 accentu
236 2507 445 2595 distinguitur
484 2509 524 2572 ab
566 2505 646 2573 urbe
683 2507 882 2594 homonyma
914 2508 1045 2586 Άζῶνες
1079 2507 1216 2575 Diodor.

58 2595 190 2682 Fragm.
214 2595 255 2660 L.
278 2596 396 2662 XXII.
422 2598 497 2671 303.
521 2596 560 2662 T.
583 2595 646 2660 IX.
671 2595 744 2681 Bip.
765 2595 878 2675 Ῥίζων
900 2596 978 2660 item
1000 2597 1061 2662 viri
1081 2605 1114 2660 et
1128 2597 1218 2662 fluvii

59 2685 101 2750 ab
130 2685 243 2750 urbico
268 2683 395 2768 Ἠζων,
430 2689 527 2769 ωνος,
562 2707 746 2769 quanquam
773 2685 807 2748 in
835 2691 974 2768 utroque
1002 2693 1035 2750 et
1063 2695 1218 2750 accentus

59 2772 197 2838 fluctuat
225 2782 258 2839 et
285 2773 458 2848 declinatio
487 2799 518 2838 v.
543 2771 657 2859 Steph.
689 2795 714 2838 s.
739 2770 884 2853 Boudeia
913 2781 945 2836 et
967 2771 1219 2860 Schweighaeu-

60 2885 121 2927 ser.
152 2861 194 2927 ad
222 2861 339 2949 Polyb.
368 2862 411 2928 II.
443 2866 493 2927 11.
523 2869 690 2947 postremo
719 2858 835 2935 όλίζων
864 2884 883 2924 a
911 2861 1071 2926 vocabulo
1106 2861 1219 2948 oppidi

65 2949 207 3033 Ὀλιζών,
238 2954 331 3034 οἶνος,
359 2977 389 3016 v.
412 2951 563 3016 Eustath.
588 2953 664 3032 329,
690 2951 740 3015 10.
765 2947 854 3034 quod
880 2948 1006 3028 Ὀλίζων
1030 2950 1129 3016 scribi
1152 2975 1218 3016 ma-

62 3040 123 3105 luit
144 3039 259 3105 Nicias
282 3065 313 3104 v.
338 3037 448 3107 Scbol.
465 3039 550 3106 Ven.
565 3039 608 3103 B.
633 3042 707 3103 717.
732 3048 769 3104 ut
790 3037 960 3126 legebatur
982 3048 1056 3104 ante
1072 3040 1219 3105 Tzschu·

53 3129 169 3194 ⁴clrium
200 3152 252 3215 ap.
277 3126 384 3195 Strab.
407 3129 470 3195 IX.
495 3130 570 3195 436.
600 3126 753 3212 Sequitur
768 3127 979 3194 ‘Philemonis
1008 3138 1218 3216 praeceptum

61 3239 105 3302 Ν.
125 3236 155 3301 8.
181 3236 343 3320 [Eustath.
366 3259 399 3322 p.
420 3238 515 3318 1409,
538 3235 605 3321 22]
629 3229 671 3299 τά
694 3241 738 3312 ελς
760 3221 836 3298 εἶδαν
860 3231 1005 3314 λήγοντα
1029 3232 1139 3301 πάντα
1155 3261 1218 3327 ‹pv-

59 3321 216 3390 λάττονσι
244 3320 283 3390 τό
306 3333 332 3390 oi
355 3324 427 3391 οἷον
450 3323 614 3407 αἴθωνος,
642 3321 849 3410 γρόνῦλωνσς,
872 3322 956 3389 adde
979 3320 1136 3409 κάνθων,
1159 3323 1219 3390 κω’-

61 3417 149 3498 θων,
171 3410 304 3496 μόθων,
327 3410 460 3500 ῥόδων.
499 3411 566 3480 Sed
588 3437 608 3478 a
630 3412 754 3478 κόκκων
776 3434 894 3500 genere
913 3411 1089 3513 discorda-t-
1095 3414 1218 3499 μήκων,

60 3528 200 3587 accentu
226 3517 356 3602 ἑλικόν,
386 3519 600 3585 declinatione
631 3515 732 3584 εἰκών.
784 3518 930 3584 Nom-ina
957 3520 991 3585 in
1020 3523 1086 3586 λων
1108 3520 1217 3607 Etym.

59 3610 110 3674 M.
137 3611 218 3690 130,
247 3611 299 3674 30.
329 3609 458 3696 gravari
487 3608 583 3692 dicit,
610 3616 648 3672 ut
670 3604 794 3691 δόλων,
822 3605 989 3673 Ἀσκάλων
1017 3608 1116 3694 (adde
1139 3607 1219 3679 κάλε

60 3702 142 3781 λων,
171 3695 296 3780 κη’λων,
324 3701 437 3781 τίλων,
466 3695 614 3763 αλσάλων
635 3722 666 3762 v.
690 3693 880 3762 Schneider.
904 3696 946 3761 ad
969 3697 1070 3764 Arist.
1094 3699 1134 3766 Τ.
1156 3698 1217 3765 IV.
1230 3721 1273 3768 171

63 3789 131 3872 18.)
160 3795 287 3873 praeter
315 3784 487 3870 μιμαλλόν
516 3794 549 3851 et
570 3782 737 3868 Βαβυλών
750 3785 788 3869 ²).
833 3784 977 3851 Nomina
1004 3788 1038 3851 in
1060 3791 1131 3871 1ιιᾟ
1154 3786 1218 3852 dis-

60 3875 202 3964 syllaba,
231 3884 269 3942 ut
290 3875 455 3942 Arcadius
484 3874 582 3941 docet
603 3898 636 3962 p.
656 3875 709 3958 13,
732 3874 784 3939 22.
814 3874 973 3961 barytona
995 3884 1072 3943 suut
1093 3870 1218 3962 άκμων,

59 4048 262 4060 -α--ι-*ᾐ

137 4143 161 4208 ¹)
180 4149 262 4200 Strab.
281 4147 351 4198 VIII.
375 4147 435 4198 348.
455 4148 488 4198 Α.
512 4148 579 4212 opud
603 4163 680 4212 quem
701 4154 786 4198 tumen
804 4164 829 4213 p.
844 4147 903 4199 351.
941 4139 1074 4198 Ἅκλδωνα
1091 4144 1215 4199 scribitur.

60 4214 198 4288 [Κρήθων
215 4221 321 4271 Anthol.
339 4221 392 4269 Pal.
413 4220 458 4269 VI.
478 4219 538 4270 258.
559 4220 615 4269 Vll.
635 4219 694 4269 700.
713 4209 816 4268 Ἄλκων
833 4221 917 4271 Noun.
937 4222 1008 4270 XIV.
1028 4216 1083 4280 22]

135 4302 161 4368 λ)
180 4298 289 4376 Βριλών
312 4300 327 4356 δ
348 4299 482 4371 βαλανεόι
499 4307 598 4356 Anecd.
617 4307 672 4356 Iud.
698 4308 766 4369 quod
789 4324 846 4358 cum
868 4301 963 4373 μόνων
980 4299 1045 4357 PolI.
1065 4307 1215 4371 ν.1ιιιετρρ.
1244 4300 1267 4354 ⁴²,

59 4381 93 4430 nd
117 4379 193 4442 Greg.
216 4380 276 4429 362.
302 4394 339 4442 sq.
362 4379 479 4443 praeterii
503 4388 531 4427 ut
553 4381 681 4440 ignotum3
710 4372 839 4428 σαλάκων
865 4380 996 4443 proprium
1020 4364 1167 4441 perhibeor
1192 4395 1215 4430 v.

59 4450 147 4501 Schol.
167 4452 244 4515 Vesp.
266 4450 342 4521 1208.
1081 4462 1083 4466 ”
