2874 4972
222 327 256 382 90
657 320 930 379 COMMENTARIUS

309 482 358 549 V.
370 485 421 550 79.
473 476 598 549 Οὔκουν
622 520 662 530 -
688 479 769 548 Cod.
797 483 833 548 θ.
858 480 988 567 οὐκοῦν,
1011 492 1047 550 ut
1070 483 1156 551 Edd.
1181 493 1329 554 veteres.

308 571 350 638 V.
374 575 425 639 80.
482 572 531 637 'Eu
562 568 679 652 δόμοις
706 576 823 659 μένειν.
876 570 932 639 Sic
963 573 1057 639 codd.
1085 574 1237 662 plerique
1267 585 1305 641 ‘et
1324 577 1389 642 ‘Al-

221 664 296 741 dus3
329 669 372 738 είς
402 657 524 746 δόμους
552 660 623 726 cod.
648 662 686 726 Γ.
712 659 786 728 Jen.
810 661 931 730 Dresd.
956 663 998 727 A.
1029 669 1062 740 ἐς
1085 660 1207 749 δόμους
1232 664 1300 732 Lb.
1327 666 1385 732 La.

221 751 279 819 sed
302 751 378 817 huic
403 774 502 838 supra
525 751 683 836 scriptum
707 757 740 816 ἐν
764 747 888 834 δόμοις.
942 748 1157 818 Scholiastes:
1188 759 1223 830 ἐς
1248 751 1386 839 δόμους,

183 895 190 911 .
219 843 392 921 ποιητικαῖς
415 839 489 905 άντὶ
513 843 573 904 τοῦ
596 847 630 904 ἐν
653 835 777 924 δόμοις,
801 840 855 905 oui
878 841 905 906 si
929 841 1157 908 confidendum
1180 852 1245 928 est,
1269 844 1306 909 in
1329 845 1386 910 du-

218 931 309 998 bium
331 930 439 996 veniet
454 929 568 1016 Antig.
588 930 681 994 1241.
706 931 781 1009 τέλη
805 928 913 1014 λαχὼν
936 932 1078 1008 δείλαιος
1100 938 1135 997 ἐν
1151 927 1239 1016 ᾅδου
1256 931 1384 1016 δόμοις.

221 1019 288 1088 Sed
317 1042 399 1103 quae
428 1027 597 1105 praeterea·
625 1017 802 1084 afferuntur
825 1018 920 1105 hujus
945 1020 1110 1108 enallagae
1134 1022 1291 1108 exempla
1315 1023 1383 1089 Ion.

222 1112 296 1176 806.
327 1106 419 1194 Cycl.
444 1111 517 1174 819.
549 1107 753 1173 Ηεο.·1095.
783 1107 837 1195 Aj.
864 1110 956 1174 1092.
993 1109 1048 1175 ubi
1078 1115 1112 1173 ἐν
1139 1112 1296 1177 θανοῦσι
1327 1125 1385 1198 pro

222 1207 253 1274 ἐς
279 1195 451 1274 θανόντας
480 1197 601 1284 accipit
622 1197 796 1262 Duckerus
820 1196 862 1261 ad
884 1197 1034 1286 Thucyd.
1051 1197 1127 1263 VII.
1152 1201 1205 1264 87.
1240 1223 1280 1265 ea
1305 1201 1384 1266 nihil

222 1287 382 1367 efficiunt;
406 1286 537 1351 unicum
561 1295 611 1352 est
632 1285 712 1353 Eur.
736 1286 808 1373 Iph.
830 1286 868 1351 Τ.
887 1288 961 1352 620.
987 1294 1030 1365 εἰς
1053 1284 1381 1371 άνάγκηνικείμεδα.

220 1376 281 1442 Eu.
304 1375 361 1441 Pa.
413 1375 499 1441 Illud
529 1381 572 1452 εὶς
603 1371 686 1460 ᾅδου
714 1372 853 1458 δόμους,
889 1375 977 1461 quod
1004 1375 1190 1442 dubitanter
1219 1400 1383 1465 proposu-

222 1489 320 1546 eram,
343 1488 403 1551 pro
428 1473 518 1531 certo
542 1464 709 1551 adoptavit
731 1464 915 1552 Elmslejus.
962 1465 1169 1532 Postremum
1192 1469 1382 1554 exemplum

221 1555 261 1621 ab
285 1554 492 1638 Herodoteo,
521 1553 609 1638 quod
632 1554 791 1619 Matthiae
815 1552 961 1620 Gramm.
993 1556 1021 1642 ξ.
1039 1557 1113 1620 578.
1143 1578 1176 1640 p.
1196 1559 1298 1622 1142.
1331 1581 1382 1644 ap-

219 1645 345 1733 posuit,
374 1639 416 1708 τοί
444 1649 541 1709 τέκνα
566 1649 610 1720 είς
633 1644 819 1728 Σαλαμῖνα
841 1642 1039 1722 ὑπέκκειται,
1069 1642 1177 1709 differt
1199 1667 1259 1728 eo,
1293 1646 1381 1731 quod

219 1733 418 1823 praepositio
441 1732 521 1799 ὑπὲκ
544 1733 643 1798 verbo
667 1735 803 1798 κεῖσθαι
826 1733 1095 1820 significationem
1124 1737 1182 1798 τοῦ
1204 1733 1381 1819 ὑπεκκομι-

220 1828 350 1903 σδῆυαι
383 1823 616 1905 communicat,
646 1844 728 1908 quae
757 1822 896 1908 simplici
924 1822 1025 1888 verbo
1048 1822 1148 1888 tribui
1170 1844 1238 1888 non
1261 1832 1380 1909 potest.

220 1911 364 1980 Similius
388 1913 472 1977 foret
493 1913 589 1978 Dem.
614 1934 641 1975 c.
666 1911 768 1976 Arist.
792 1910 819 1976 I.
844 1913 919 1995 786,
945 1912 995 1976 13.
1019 1909 1104 1995 μεθ’
1128 1901 1173 1975 ὦν
1196 1916 1229 1976 οἱ
1253 1912 1380 1996 ζωγρά-

166 2033 171 2040 ·
220 2026 280 2093 φοι
302 1995 379 2078 τούς
403 1999 532 2085 ἀσεβεῖς
555 1997 742 2089 γράφουσιν
766 2006 809 2077 είς
833 1996 925 2084 ᾅδου,
949 2002 1011 2066 nisi
1029 1998 1101 2065 cod.
1119 1997 1221 2065 Ooisl.
1244 2006 1281 2064 ἐν
1299 2000 1381 2087 ᾅδου

219 2090 403 2177 praeberet,
433 2090 522 2176 quod
544 2089 711 2156 Bekkerus
741 2089 882 2176 recepit3
911 2111 949 2155 ac
974 2090 1120 2175 sequitur
1141 2089 1257 2174 paucis
1282 2091 1381 2156 inter·

215 2181 312 2269 jectis
341 2182 405 2243 τῶν
435 2185 470 2243 ἐν
499 2175 584 2264 ᾅδου
607 2182 707 2245 θεῶν.
762 2178 879 2262 Neque
904 2202 943 2244 ex
966 2179 1044 2245 Eur.
1068 2177 1173 2265 Hipp.
1192 2181 1293 2246 1106.
1319 2182 1380 2245 λεί·

184 2339 187 2347 .
220 2293 326 2352 πομαι
354 2273 389 2332 ἐν
417 2292 451 2332 τε
474 2267 586 2354 τύχαις
608 2271 663 2334 καὶ
687 2274 721 2335 ἐν
745 2271 883 2354 ἐργμασι
906 2264 1068 2350 λεύσσων,
1090 2269 1278 2332 necessario
1306 2291 1381 2335 con·

160 2432 163 2435 ,
221 2357 366 2441 sequitur
387 2363 424 2420 ut
446 2353 592 2423 λεύσσειν
616 2363 650 2423 ἐν
674 2353 776 2440 τούτῳ
799 2379 860 2442 pro
884 2363 928 2434 είς
948 2359 1045 2423 τοῦτο
1063 2356 1129 2421 dici
1144 2356 1250 2420 liceat.
1292 2357 1381 2432 Thu·

221 2446 347 2534 cydidis
383 2445 492 2510 locum
514 2445 608 2512 VIII.
642 2449 691 2511 17.
722 2445 862 2511 correxit
890 2445 1075 2526 Bekkerus3
1111 2444 1152 2510 de
1186 2445 1258 2512 aliIs
1297 2456 1381 2512 errat

220 2537 407 2602 PrIscianus
430 2534 469 2602 L.
494 2535 607 2602 XVII.
634 2537 686 2601 21.
710 2559 743 2621 p.
762 2538 813 2601 86.

307 2624 350 2691 V.
368 2626 419 2691 82.
469 2626 666 2710 Ψρονοῦντα
694 2620 757 2708 γάρ
788 2646 838 2689 νιν
863 2620 921 2688 οὐκ
944 2617 986 2689 άν
1010 2623 1141 2704 ἐξέστην
1165 2619 1260 2705 όκνφ.
1318 2623 1381 2689 Pro

220 2712 284 2800 γάρ
316 2736 367 2779 νιν
393 2713 453 2778 La.
484 2710 548 2798 γάρ
580 2711 607 2778 τ’
634 2708 676 2778 άν
702 2713 737 2778 in
767 2713 931 2792 lemmate,
960 2711 1048 2777 idem
1071 2720 1103 2777 et
1126 2710 1200 2778 Jen.
1226 2712 1321 2800 Aug.
1345 2713 1380 2777 B.

113 2856 118 2858 .
220 2802 339 2869 Dresd.
356 2803 395 2867 B.
420 2802 551 2882 ἐξέστην
575 2803 663 2879 ἰδεῖν,
686 2803 738 2867 vel
761 2826 778 2868 e
801 2800 1026 2867 recordatione
1049 2823 1161 2866 versus
1184 2801 1382 2868 anteceden-

164 2916 207 2962 ros
219 2893 260 2958 tis
288 2893 341 2958 vel
371 2916 388 2957 e
417 2892 528 2979 glossa
557 2889 617 2957 ουκ
647 2885 689 2956 άν
717 2889 888 2981 ἀπέφυγον
918 2887 1015 2980 φόβῳ
1044 2891 1133 2955 ίδεῖν.
1189 2889 1319 2956 Veram
1354 2899 1383 2956 et

219 2991 361 3048 veterem
388 2981 561 3046 lectionem
590 2981 736 3065 sequitur
759 2977 878 3047 Suidas
908 3001 933 3046 s.
968 2977 1062 3044 Ὀκνῶ
1091 2987 1124 3044 et
1145 2975 1257 3045 Schol.
1285 2979 1381 3046 Rom.

221 3071 278 3136 orla
303 3065 345 3136 άν
368 3069 499 3150 ἐξέστην
523 3067 568 3134 δι’
596 3067 780 3152 εὐλάβειαν.
831 3066 898 3133 Τὸν
920 3069 1072 3134 κίνδυνον
1094 3065 1302 3146 ἐξίστασθαι
1317 3069 1381 3134 Dio

222 3158 313 3226 Cass.
337 3158 508 3224 XXXVI.
533 3181 560 3223 c.
589 3161 639 3222 11.
670 3160 822 3237 ἐκστῆναι
850 3158 946 3221 Dem.
978 3178 1005 3222 c.
1032 3155 1129 3241 Lept.
1153 3157 1231 3239 462,
1255 3157 1289 3224 2.
1315 3158 1382 3222 An-

222 3249 305 3314 drot.
324 3250 400 3330 617,
419 3249 469 3312 15.
494 3270 534 3312 ex
558 3269 624 3331 quo,
645 3244 839 3313 Sohaeferus
862 3245 979 3311 vitiose
1003 3245 1127 3332 colligit
1149 3244 1248 3309 etiam
1271 3247 1309 3311 in
1327 3245 1381 3313 Or.

220 3363 252 3424 p.
278 3335 354 3404 Cor.
378 3361 410 3424 p.
429 3337 503 3400 331.
528 3339 558 3400 7.
582 3358 641 3421 pro
664 3333 772 3400 οὐδενὶ
796 3333 975 3419 ἐξίσταμαι
993 3333 1214 3421 reponendum
1239 3356 1317 3401 esse
1333 3358 1382 3402 ac·

221 3427 420 3508 cusativum,
452 3446 549 3509 quem
578 3424 642 3489 duo
673 3422 767 3490 codd.
793 3423 960 3504 exhibent;
990 3447 1065 3488 nam
1086 3424 1153 3489 illio
1177 3423 1383 3510 significatur

221 3520 398 3596 declicare,
433 3518 596 3596 ἐκνεῦσαι,
628 3512 682 3577 hic
715 3535 792 3578 vero
827 3517 952 3596 cedere,
987 3511 1235 3598 quodstertium
1269 3535 1384 3580 casum

219 3605 338 3692 poscit,
362 3604 516 3680 ἐκστῆναι
539 3610 572 3666 et
593 3599 792 3684 ὑπεκστῆναι
815 3605 860 3687 τῷ
883 3603 986 3685 καιρῷ
1010 3606 1142 3685 tempori
1166 3604 1279 3666 cedere
1295 3603 1382 3669 Plut

220 3693 262 3759 V.
289 3691 359 3757 Cat.
384 3713 412 3755 c.
437 3690 591 3757 XXXV.
615 3691 768 3757 Philostr.
785 3690 827 3756 V.
851 3691 917 3779 Ap.
941 3689 1001 3756 IV.
1026 3693 1079 3774 36,
1105 3693 1178 3756 167.
1203 3691 1245 3756 cf.
1271 3689 1381 3758 Olear.

221 3782 263 3848 ad
286 3779 363 3846 VII.
391 3782 441 3858 10,
467 3779 541 3846 286.
565 3783 621 3845 καί
645 3777 737 3866 (κάν)
762 3782 856 3845 Πανὶ
879 3772 1012 3864 λιγυρὸν
1035 3781 1133 3865 μέλος
1154 3777 1297 3864 ἠχοῦντι
1321 3784 1383 3857 πάς

222 3868 308 3947 ὅςτις
337 3871 470 3948 ἐκσταίη
495 3868 616 3936 Julian.
640 3869 726 3958 Epp.
751 3869 845 3935 XLI.
868 3893 900 3955 p.
918 3871 970 3935 76.
1000 3875 1129 3934 etcum
1152 3867 1302 3956 genitivo
1327 3871 1382 3952 rei,

221 3982 319 4042 quam
352 3957 424 4041 quis
454 3957 548 4024 alteri
578 3958 679 4041 cedit,
715 3961 775 4039 τῆς
802 3957 957 4033 πεδιάδος
985 3954 1074 4041 αὐτῷ
1104 3956 1288 4036 ἐξέστησαν
1318 3959 1381 4025 Ι)ἰο

221 4046 314 4114 Oass.
346 4046 482 4112 XXXI.
514 4050 543 4113 3.
580 4050 632 4113 ool
668 4050 732 4114 τῶν
764 4044 932 4136 εὐφημιῶν
962 4044 1131 4126 ἐξίσταντο
1161 4045 1293 4112 Himer.
1326 4046 1380 4115 Or.

145 4194 146 4197 ,
222 4136 389 4202 XXXIII.
424 4138 474 4206 15.
510 4135 627 4223 quibus
660 4137 741 4202 locis
777 4136 1000 4220 unusquisque
1034 4133 1124 4200 videt
1157 4136 1382 4203 accusativum

220 4248 355 4314 prorsus
377 4226 598 4312 importunum
621 4248 703 4292 esse.
749 4221 815 4290 Sed
840 4247 914 4290 oum
936 4224 999 4290 hoc
1022 4247 1100 4290 casu
1119 4223 1239 4290 dicitur
1254 4224 1382 4305 ἐξίστα-

222 4319 309 4382 σθαι
325 4312 396 4382 τόν
426 4312 665 4406 ἐπιφερόμενον
687 4313 803 4380 Liban.
827 4311 885 4381 Or.
908 4314 943 4379 in
967 4311 1080 4381 Const.
1103 4336 1135 4399 p.
1153 4314 1229 4379 310.
1254 4313 1298 4380 T.
1323 4315 1380 4382 III.

221 4406 414 4494 περιστῆναι
437 4400 496 4472 τόν
520 4405 672 4472 κίνδυνον
695 4402 870 4470 Iamblich.
887 4402 929 4471 V.
948 4403 984 4469 P.
1000 4401 1172 4472 XXXIII.
1189 4404 1267 4470 479.
1294 4429 1380 4493 περι-
