2858 4964
174 341 226 396 134
611 327 884 385 COMMENTARIUS

58 576 60 579 Ι
174 491 235 574 τὴν
264 497 325 581 έχει
354 488 414 572 τήν
441 484 621 572 πρόθεσιν,
651 485 695 562 ὡς
721 480 760 552 τὸ
789 481 998 570 άπελωβήθη
1026 479 1118 570 παρὰ
1145 483 1328 572 Σοφοκλεῖ.

174 585 278 650 Immo
302 581 457 647 differunt
478 578 560 644 haec
583 584 739 661 quantum
762 577 922 652 ἐτελέσθη
946 583 979 640 et
1001 571 1218 652 ἀπετελέσθη.
1264 572 1329 639 Pro

52 698 54 702 ·
177 673 254 754 ήμῖν
281 669 466 736 Brunclrius
496 676 529 732 et
556 664 748 731 Dindorfius
775 661 872 745 ήμίν,
905 662 1114 729 Hermannus
1141 671 1180 727 ut
1208 684 1271 748 ego
1298 662 1330 726 in

174 760 238 827 Ed.
261 784 310 848 pr.
334 750 423 839 ήμιν.
449 755 505 843 [V.
530 751 685 822 Add.‘ad
705 779 736 819 v.
755 752 843 838 733]

264 848 306 914 V.
328 848 403 912 220.
463 840 600 934 Σφοίχι’
627 843 806 930 αίμοβαφῆ
834 843 942 906 κείνου
967 837 1153 924 χρηστήρια
1180 835 1330 924 τάνδρός.

177 939 255 1003 Tria
281 945 447 1024 postrema
472 932 573 999 verba
601 939 771 1017 apponunt
799 928 1009 1014 Moschopul.
1033 926 1152 994 Sched.
1181 951 1215 1014 p.
1241 929 1271 993 8.
1301 935 1333 992 et

121 1026 296 1094 1csuidas
325 1049 350 1091 ε.
377 1020 590 1107 Χρηοτήρια,
619 1019 708 1106 quod
735 1039 854 1085 nomen
877 1016 988 1084 Schol.
1010 1018 1097 1083 varie
1120 1018 1332 1102 interpretan-

177 1126 246 1181 tur:
277 1107 318 1179 τοῖ
347 1108 544 1195 τολμήματα
572 1112 628 1174 καὶ
657 1107 792 1191 πρήξεις
819 1102 843 1188 ή
871 1104 913 1171 τοὶ
937 1107 1173 1194 διεφθαρμένα
1196 1105 1332 1189 ποίμνια

179 1199 234 1268 διοῖ
263 1197 301 1268 td
331 1199 584 1285 διαχρήσασθαι
613 1195 707 1263 αὐτοί.
752 1197 807 1262 Ab
831 1195 888 1260 illo
912 1196 1057 1281 proxime
1079 1194 1173 1260 abest
1193 1193 1334 1259 Valcke-

104 1313 107 1320 “
179 1292 260 1357 narii
283 1288 464 1356 emendatio
488 1284 670 1372 δραστήρια
693 1284 734 1352 ad
756 1286 909 1351 Ammon.
932 1283 994 1349 III.
1018 1288 1049 1367 9,
1074 1285 1148 1349 236.
1177 1282 1265 1369 quod
1293 1306 1333 1348 an

179 1400 247 1467 pro'
262 1382 341 1466 έρχα
364 1379 429 1444 dici
451 1399 517 1442 non
539 1376 655 1462 possit,
673 1379 747 1464 jure
770 1374 897 1440 dubitat
916 1372 1089 1439 Heathius.
1138 1370 1334 1458 Χρηστήρια

179 1469 265 1535 idem
295 1467 457 1555 significat
485 1464 575 1551 quod
603 1464 732 1555 σφαχια
760 1468 921 1543 victimae,
950 1471 987 1527 ut
1009 1468 1110 1549 ἱερεῖα
1134 1484 1232 1548 saepe
1256 1461 1334 1527 dioi-

179 1569 234 1624 tur
267 1562 318 1622 ἐπὶ
351 1559 417 1621 τῶν
451 1552 562 1630 ἁπλῶς
592 1554 809 1645 σφαζομένων
835 1552 985 1618 Eustath.
1015 1575 1047 1638 p.
1074 1554 1179 1634 1671,
1203 1552 1256 1616 62.
1293 1592 1333 1601 -

180 1645 289 1714 Schol.
314 1643 357 1709 ad
372 1643 493 1710 Aesoh.
511 1640 602 1728 Sept.
620 1645 694 1708 215.
719 1639 758 1708 τὸ
782 1638 912 1732 σφάγια
934 1644 989 1706 καὶ
1009 1638 1194 1726 χρηστήρια
1218 1645 1253 1704 la
1274 1663 1335 1703 πα-

182 1731 358 1820 ραλλήλου,
382 1731 422 1798 οὐ
443 1726 508 1816 χιῖρ
531 1729 636 1813 μόνον
655 1728 840 1816 χρηστήρια
864 1725 905 1795 τολ
927 1728 1143 1812 μαντεύματα
1166 1723 1253 1794 ἀλλὰ
1281 1731 1337 1793 καὶ

182 1817 223 1888 roi
246 1819 397 1907 θύματα,
419 1820 551 1907 proprie
574 1820 704 1906 quidem
728 1844 776 1902 ea,
799 1842 883 1904 quae
906 1818 1029 1884 oraculi
1052 1817 1244 1884 consulendi
1260 1838 1337 1883 con-

183 1911 298 1978 sultive
323 1932 421 1976 causa
443 1909 671 1975 caedebantur.
716 1909 777 1974 En.
800 1909 856 1974 Pn.

271 1999 312 2064 V.
331 2001 405 2065 222.
449 1997 583 2083 Ἀνδρός
605 1998 754 2076 αἴθοπος
776 1995 943 2082 ἀχχελίαν.
989 1995 1181 2061 Eustathius
1203 2019 1238 2081 p.
1262 1997 1337 2077 862,

186 2091 236 2155 10.
261 2093 395 2178 φέρεται
417 2085 528 2153 αἴθων
550 2089 632 2169 βοῦς
653 2091 709 2153 καὶ
732 2090 867 2172 σίδηρος
889 2087 945 2151 καλ
968 2079 1150 2169 οἴνθρωπος
1169 2087 1226 2148 καὶ
1242 2087 1337 2149 λέων·

184 2178 298 2263 αἴθοφ
322 2177 356 2242 δέ
379 2174 485 2252 οὐδεὶς
507 2174 616 2242 αὐτῶν
638 2175 762 2258 λέγοιτ’
781 2171 834 2258 οἴν,
848 2170 943 2240 οἴλλιί
967 2169 1114 2255 τοῦνομα
1130 2171 1208 2256 οἴνῳ
1222 2174 1340 2256 μέλανι

184 2269 385 2330 ἐπιτίθεται·
414 2272 447 2330 et
475 2288 508 2351 p.
532 2267 628 2348 1072,
652 2269 682 2330 6.
713 2264 824 2331 αἴθων
846 2257 931 2349 οἴνήρ
954 2257 1046 2347 παρὰ
1069 2261 1253 2349 Σοφοκλεῖ.
1305 2261 1339 2328 Ιε

184 2354 283 2442 igitur
304 2352 453 2428 αἴθωνος
474 2353 563 2441 legit,
587 2355 679 2419 utin
703 2356 740 2420 Γ.
765 2353 901 2419 Βεεοοο.
926 2351 999 2417 ΑΒ.
1022 2349 1174 2417 Heidelb.
1202 2349 1339 2435 aliisque

184 2442 348 2509 nonnullis
372 2450 405 2507 et
425 2440 511 2507 Edd.
535 2450 614 2508 vett.
638 2442 807 2523 scribitur3
832 2440 931 2508 ceteri
955 2463 1029 2506 cum
1051 2437 1161 2506 Sohol.
1185 2437 1283 2504 Rom.
1309 2447 1341 2506 et

185 2530 287 2599 Suida
309 2553 335 2598 ε.
359 2530 391 2595 h.
414 2555 446 2598 v.
470 2530 628 2610 αἴθοπος,
653 2531 710 2598 sed
725 2532 785 2598 La.
810 2529 965 2612 αἴθονος,
988 2552 1088 2615 supra
1111 2530 1233 2614 scripta
1242 2528 1341 2594 litera

184 2624 222 2685 π.
273 2620 314 2686 Id
342 2619 468 2704 recepit
489 2618 680 2686 Dindorfius
708 2620 866 2706 syllabam
889 2619 1054 2684 nominum
1075 2618 1108 2682 in
1133 2623 1177 2680 ῶν
1199 2618 1341 2703 penulti-

186 2732 271 2774 mam
299 2708 472 2793 ancipitem
501 2729 572 2773 esse
603 2710 805 2792 existimans,
831 2730 897 2774 non
919 2707 1026 2774 solum
1048 2706 1255 2793 propriorum
1279 2705 1342 2772 Αἴ-

187 2821 302 2878 σωνος,
326 2795 483 2877 Αἴσονος,
507 2793 679 2879 Νοίρωνος,
703 2795 869 2880 Νοίρονος,
892 2797 952 2863 sed
973 2796 1244 2883 appellativorum
1262 2818 1342 2880 quo·

186 2910 259 2971 que.
304 2885 378 2972 Ego
401 2883 567 2971 vulgatam
588 2884 716 2950 retinui.
761 2884 850 2949 Nam
873 2885 901 2951 si
921 2885 996 2950 Indi
1019 2885 1060 2950 ob
1084 2884 1225 2950 colorem
1242 2884 1342 2950 αἴθο-

186 2999 243 3051 πες
269 2981 429 3039 vocantur
456 2972 567 3039 Nonn.
590 2973 631 3038 L.
659 2972 827 3040 XXVIII.
853 2976 924 3038 176.
955 2975 982 3039 si
1011 2997 1069 3060 per
1096 2972 1342 3038 translationem

187 3061 303 3150 αίθοφ
324 3063 492 3142 βασκανία
515 3062 638 3149 Agath.
658 3062 772 3150 Epigr.
787 3061 885 3127 XIV.
906 3063 956 3126 10.
980 3063 1052 3145 quis
1075 3070 1173 3149 neget
1193 3061 1260 3127 hoc
1276 3062 1341 3148 epi·

71 3221 74 3233 ,
186 3149 298 3231 theton
327 3147 390 3214 dici
417 3170 514 3234 posse
538 3150 578 3215 de
601 3150 730 3216 homine
752 3150 876 3238 ingenii
897 3149 1013 3215 fervidi
1036 3158 1069 3215 et
1090 3151 1124 3215 in
1145 3151 1227 3215 iram
1249 3173 1341 3236 prae·

189 3235 311 3321 cipitia,
341 3237 397 3321 qui
425 3237 525 3324 vulgo
549 3235 677 3322 θερμός
700 3247 733 3303 et
756 3239 913 3321 διάπυρος
935 3239 1044 3304 vocari
1066 3237 1170 3305 solet?
1199 3239 1228 3304 si
1249 3261 1341 3325 prae·

189 3325 299 3390 sertim
321 3325 501 3411 respexerit
523 3325 585 3390 alia
607 3325 769 3413 adjectiva
789 3328 823 3394 in
847 3333 895 3414 ff
918 3335 951 3393 et
974 3332 1063 3407 (1πῇ
1078 3328 1238 3410 exeuntia,
1261 3350 1342 3412 quae

189 3437 209 3479 a
230 3412 322 3478 vultu
343 3414 480 3498 visuque
501 3415 740 3481 transferuntur
761 3416 803 3483 ad
826 3419 969 3483 animum
991 3442 1020 3482 v.
1038 3415 1126 3481 Adn.
1150 3413 1193 3480 ad
1214 3441 1244 3482 v.
1269 3418 1341 3483 955.

189 3499 256 3569 Sed
283 3500 478 3589 adjectivum
508 3503 635 3588 αἴθων,
665 3506 877 3594 cujus-origo
906 3514 973 3571 tam
1002 3505 1104 3589 clara,
1133 3505 1255 3570 mentio
1279 3514 1343 3571 tam

190 3590 303 3656 crebra
321 3599 385 3674 est,
409 3591 581 3677 aliquando
604 3616 663 3679 per
685 3598 763 3671 We
786 3594 983 3661 declinatum
1006 3616 1087 3677 esse,
1109 3591 1145 3658 id
1160 3593 1280 3678 quibus
1296 3617 1344 3659 ar·

189 3679 350 3767 gumentis
379 3679 594 3748 demonstrari
616 3683 722 3769 possit
743 3685 862 3750 nescio.
888 3682 1012 3772 [αἴθων
1035 3693 1068 3749 et
1091 3682 1243 3769 εἴρων-
1263 3705 1345 3760 ωνος

189 3766 316 3834 Anecd.
346 3791 378 3854 p.
403 3772 497 3835 1199.
528 3769 635 3837 Oram.
666 3772 730 3837 An.
754 3770 818 3839 Ox.
840 3773 868 3840 I.
895 3796 929 3859 p.
947 3771 1036 3859 241.]
1081 3771 1238 3858 Propria,
1262 3788 1345 3856 quae

191 3881 265 3925 oum
292 3855 349 3921 illo
373 3859 448 3942 jure
477 3861 617 3926 conferri
640 3868 792 3946 possunt,
820 3861 960 3944 Λίθων,
988 3857 1162 3945 Λάμπων,
1190 3857 1347 3944 Λεύσων,

111 4013 114 4019 „
191 3951 329 4029 Μένων,
356 3948 509 4033 Χαίρων,
537 3958 707 4034 ceteraque
729 3950 909 4036 participiis
932 3949 1117 4034 assimilata,
1138 3949 1223 4015 hanc
1245 3949 1347 4015 licen-

188 4036 268 4102 tiam
299 4041 385 4100 certe
414 4058 480 4101 non
509 4036 638 4104 habent.
695 4038 748 4104 Ex
775 4039 979 4126 appellativis
1009 4046 1117 4104 autem
1144 4039 1195 4103 vir
1230 4038 1347 4105 eximie

190 4124 307 4191 doctus
329 4145 431 4190 unum
453 4123 546 4192 affert
568 4128 710 4209 πρίονες.
756 4130 809 4193 Ita
825 4133 916 4207 enim,
939 4127 1055 4213 inquit,
1079 4149 1099 4193 ο
1118 4127 1251 4192 Cratino
1268 4130 1347 4193 dicti

190 4224 274 4297 suat,
297 4216 352 4298 qui
374 4215 544 4296 πρίωνες
567 4218 692 4281 dicendi
714 4220 854 4301 fuerunt,
879 4221 917 4283 de
940 4238 1001 4303 quo
1024 4220 1160 4300 εωμοενί
1182 4219 1226 4282 ad
1252 4217 1346 4299 Vesp.

135 4319 178 4365 rao
192 4304 266 4368 694.
315 4301 478 4388 Equidem
505 4303 540 4368 in
568 4302 818 4374 Commentariis
845 4306 885 4372 Τ.
908 4306 950 4374 V.
981 4330 1013 4393 p.
1035 4308 1111 4372 495.
1142 4313 1175 4371 et
1202 4304 1236 4370 in
1259 4303 1347 4371 Edd.

190 4387 298 4455 Lond.
322 4398 355 4457 et
368 4391 461 4480 Lips.
486 4392 566 4460 nihil
588 4393 677 4480 quod
699 4395 764 4463 huo
788 4396 958 4484 pertineat,
980 4396 1097 4482 reperi,
1120 4393 1180 4462 sed
1194 4394 1349 4481 suspicor
