2850 4956
642 292 906 358 εοοοτΛπονν

328 462 547 550 ὲφθαρμένας
569 455 633 544 γάρ
656 456 778 547 ἀρτίως
800 444 991 547 εὑρίσκομεν

328 567 418 641 λείας
441 560 576 640 ἁπάσας
597 567 653 630 καὶ
676 569 962 650 κατηναρισγιένας

329 674 363 733 ἐκ
383 662 500 756 χειρός,
523 667 636 746 αὐτοῖς
658 670 820 751 ποιμνίων
843 666 1040 748 ἐπιστάταις.

328 769 425 852 τήνδ’
454 763 513 838 οὖν
536 776 646 858 ἐκείνῳ
667 776 733 850 πᾶς
755 796 804 849 τις
826 775 938 838 αἰτίαν
960 780 1057 858 νέμει.

328 879 385 940 καί
406 879 466 960 μοι’
488 900 536 953 τις
559 873 664 963 όπτηρ
687 871 790 942 αὐτόν
814 870 938 953 είςιδών
960 874 1064 960 μόνον

331 980 486 1060 πηδῶντα
509 983 606 1046 πεδία
630 975 691 1046 σὺν
712 976 900 1066 νιοῤῥάντῳ
922 979 1019 1072 ξίφει,
1125 980 1132 1003 ²

331 1079 449 1173 φράζει
471 1107 504 1149 τε
528 1080 733 1165 ιιὰδήλωσεν·
759 1080 885 1161 εὐθέως
908 1085 928 1149 δ
936 1081 942 1104 ’
962 1083 1023 1168 ἐγώ

330 1185 402 1252 κατ’
422 1186 511 1272 ’ίχνος
534 1183 643 1272 ᾄσσω·
666 1191 722 1253 καὶ
745 1183 786 1252 τά
809 1189 868 1270 μὲν
892 1192 1108 1277 σημαίνομαι,

331 1284 373 1357 τά
396 1289 427 1356 δ’
447 1295 680 1376 ἐκπέπληγμαι,
702 1289 781 1356 κούκ
803 1294 863 1377 ίχω
886 1296 1018 1375 μαθεῖν.
1037 1289 1131 1360 ὅτου·

330 1391 446 1479 καιρὸν
469 1394 497 1460 δ’
517 1391 796 1487 ὲφήιιεις·’πάντα
819 1391 893 1482 γὰρ,
916 1394 958 1460 τά
981 1396 1007 1462 τ’
1029 1388 1088 1465 οὖν
1110 1395 1227 1485 πάρος,
1257 1437 1261 1442 -

332 1495 373 1563 τά
396 1498 426 1564 τ’
447 1503 613 1582 είςίπειτα,
636 1503 676 1590 σῇ
699 1500 905 1583 κνβερνῶμαι
925 1503 1007 1585 χερί.

694 1632 857 1683 ΑΘΗΝΑ

326 1707 461 1797 ’Έγνων,
489 1711 648 1794 Ὀδυσσεῦ,
670 1716 725 1779 καὶ
749 1709 854 1778 πάλαι
878 1711 988 1803 φύλαξ
1010 1717 1090 1799 ίβην

332 1821 370 1907 τῇ
393 1820 434 1908 σῇ
457 1814 634 1904 πρόθυμος
657 1823 702 1894 είς
724 1813 805 1882 ὁδὸν
827 1821 975 1904 κυνηγίᾳ.

656 1945 899 1998 ΟΔῬΣΣΕῬΧ

327 2019 381 2094 'H
399 2028 465 2105 καὶ,
490 2029 571 2119 φίλη
596 2027 762 2106 δέσποινα,
786 2022 870 2114 πρὸς
891 2023 1009 2117 καιρόν
1031 2033 1139 2113 πανοῖς

691 2151 860 2204 ΑΘΗΝᾺ.

331 2230 388 2309 Ὡς
410 2235 498 2299 ἔστιν
520 2230 643 2321 ἀνδρὸς
664 2235 760 2300 τοῦδε
784 2229 892 2319 τᾶργα
915 2233 1021 2302 ταῦτά
1044 2256 1106 2302 σοι.

658 2356 899 2409 ΟΔῬΣΣΕῬΣ

334 2438 404 2503 Καὶ
427 2432 509 2523 πρὸς
530 2440 563 2504 τί
586 2435 798 2522 δνςλόγιοτον
821 2430 878 2504 ὧδ’
897 2430 972 2528 ᾖξεν
991 2446 1091 2526 χέρας

697 2564 862 2615 ΑΘΗΝΑ

335 2641 437 2729 Χόλφ
458 2647 643 2732 βαρυνθεὶς
666 2648 731 2712 τῶν
745 2647 928 2731 Ἀχιλλείων
951 2643 1070 2713 ὅπλων.

658 2769 902 2822 ΟΔῬΣΣΕῬΣ

338 2853 379 2916 Τί
402 2853 488 2933 δῆτα
509 2855 665 2937 ποίμναις
687 2849 779 2932 τήνδ’
799 2856 987 2938 ὲπεμπίπτει
1010 2849 1126 2936 βάσιν;

698 2978 864 3030 ΑΘΗΝΑ

338 3059 450 3124 Δοκῶν
474 3064 508 3125 ἐν
530 3057 607 3143 ὑμῖν
627 3069 722 3147 χεῖρα
742 3062 947 3146 χραίνεσθαι
970 3056 1071 3150 φόνῳ.

661 3183 903 3236 ΟΔῬΣΣΕῬΣ

329 3253 386 3328 Ἦ
403 3261 519 3330 καὶτὸ
542 3259 691 3349 βούλευμ’
712 3263 755 3342 ὡς
778 3263 822 3330 ἐπ’
840 3265 994 3353 Ἀργείοις
1017 3264 1085 3333 τόδ’
1104 3257 1181 3350 ἦν,·’

699 3387 864 3440 ΑΘΗΝΑ

339 3462 412 3534 Κάν
436 3467 620 3558 ἐξέπραξεν,
643 3474 670 3535 εὶ
692 3469 894 3554 κατημέλησ’
916 3468 988 3555 ἐγώ.

662 3594 903 3648 ΟΔῬΣΣΕῬΣ

216 3704 217 3708 ’
335 3676 478 3742 Ποίαισι
501 3671 638 3760 τόλμαις
660 3679 769 3754 ταῖςδε
791 3680 847 3744 καὶ
870 3681 1001 3767 φρενῶν
1023 3675 1165 3762 δράσεις

698 3803 864 3856 ΑοΗΝΑ.
1214 3791 1217 3794 ”

337 3877 475 3971 Νύκτωρ
499 3882 548 3972 ἐφ’
567 3882 654 3970 ὑμᾶς
676 3882 787 3964 δόλιος
810 3884 954 3972 ὁρμᾶται
975 3884 1088 3973 μόνος.

660 4012 902 4068 ΟΛῬΣΣΕῬΣ

330 4080 381 4156 Ἠ
400 4093 457 4159 καὶ
478 4097 625 4182 παρέστη
648 4093 728 4162 κάπὶ
750 4095 842 4186 τέρμ’
862 4095 1018 4187 ἀφίκετος

696 4221 887 4274 ΑθΗΝΑ(

279 4328 282 4334 ·
339 4301 407 4368 Καὶ
430 4295 471 4382 δὴ
498 4301 540 4370 ’πὶ
563 4304 692 4381 δισσαῖς
714 4294 756 4385 ἦν
779 4307 993 4392 στρατηγίσιν
1015 4302 1143 4391 πύλαις.
