2858 4964
216 333 266 389 112
654 323 930 383 comumnes

213 485 302 575 apud
316 483 490 553 Horatium
512 477 575 565 τὴν
595 481 759 573 ἀρειμανῆ
780 483 833 552 vel
857 484 1022 570 δοριμανῆ
1044 481 1228 573 significare
1243 481 1370 551 videtur

133 588 142 603 ⁴
211 575 378 643 intellectu
400 573 518 640 activo.
1267 626 1269 629 ,

300 663 344 730 V.
367 664 440 729 145.
492 655 586 728 Βοτά
614 662 669 728 καί
697 662 789 726 λείαν
813 698 853 713 -
877 684 943 727 non
967 659 1144 750 significat,
1167 659 1258 746 quod
1281 657 1368 728 Guil.

212 750 414 820 Sohneidero
436 751 573 829 videtur,
598 748 663 816 duo
686 748 814 817 diversa
835 749 999 837 pecudum
1023 772 1160 838 genera,
1182 750 1318 837 propria
1340 757 1371 816 et

212 850 315 929 rapta,
339 840 398 907 sed
420 841 507 907 idem
530 848 579 906 eat
601 837 689 924 quod
711 862 741 903 v.
760 841 812 906 55.
835 850 975 924 ποῖμναι
997 843 1053 904 καὶ
1075 835 1239 924 ξύμμικτα
1270 840 1369 921 λείας,

213 932 332 997 omisso
361 937 468 996 autem
491 928 635 1016 epitheto
664 928 799 1015 propius
822 927 949 994 accedit
971 926 1014 993 ad
1036 927 1185 1010 schema,
1214 930 1310 1014 cujus
1333 924 1369 992 0.

214 1017 433 1106 Stolbergius,
454 1018 578 1104 primus
600 1016 684 1084 inter
700 1015 882 1084 Germanos
897 1014 1070 1103 Sophoclis
1088 1017 1260 1104 interpres,
1282 1038 1371 1082 men·

213 1109 336 1174 tionem
358 1107 446 1190 fecit,
468 1103 507 1174 τὸ
529 1107 565 1172 ἓν
587 1102 642 1171 διά
665 1109 767 1173 δυοῖν.
794 1104 933 1173 xIrridet
946 1106 1008 1172 hoo
1024 1105 1173 1193 Heynius
1188 1105 1232 1172 ad
1247 1103 1370 1194 Georg.

213 1197 258 1263 Π.
276 1198 348 1263 192.
373 1218 490 1282 parurn
511 1202 665 1281 reputans
687 1195 847 1262 neminem
870 1217 985 1262 sanum
1008 1193 1105 1263 hodie
1128 1196 1176 1261 sic
1191 1195 1284 1280 loqui
1299 1198 1371 1261 date

214 1288 290 1352 υιίίιί
310 1295 458 1369 μαίουσα
480 1295 511 1352 et
533 1305 644 1350 aurum
665 1307 725 1371 pro
749 1306 877 1351 curcum
896 1296 1072 1368 poteram.
1100 1282 1201 1366 Quod
1223 1283 1278 1348 ille
1294 1283 1372 1349 dicit

216 1374 554 1442 convenientissimum
584 1395 670 1457 esse,
697 1383 735 1440 ut
762 1374 921 1440 vocabulo
948 1373 1054 1441 minus
1084 1373 1217 1440 definito
1239 1394 1371 1439 accura-

214 1464 312 1531 tionis
335 1462 570 1550 explanationis
594 1485 692 1529 causa
715 1463 888 1550 adjiciatur
902 1462 1002 1547 aliud,
1024 1461 1059 1528 id
1075 1461 1213 1547 quadrat
1227 1461 1272 1528 ad
1287 1465 1370 1550 ejus·

215 1553 304 1621 modi
324 1553 433 1620 locos:
458 1573 682 1637 corvorumque
704 1574 818 1636 ηεεηεε
841 1556 895 1618 ult
918 1573 1033 1637 aquam
1048 1556 1195 1618 δίουκῖυν
1209 1563 1240 1617 et
1257 1554 1370 1618 Imbres

184 1722 185 1728 ρ
211 1664 347 1726 poacerc
375 1642 509 1710 Luoret.
531 1640 574 1710 V.
601 1643 695 1708 1084.
725 1643 767 1708 cf.
798 1639 947 1708 Curtium
969 1641 1012 1707 ad
1035 1639 1168 1709 Sallust.
1191 1639 1266 1710 Cat.
1288 1641 1369 1709 Exo.

214 1731 258 1799 H.
290 1733 365 1799 998.
393 1729 561 1810 δυ’ςκλειαν
589 1727 771 1812 ἐκτήσαντο
800 1735 855 1798 καί
884 1733 1061 1819 ῥᾳθυμίαν
1088 1731 1168 1796 Eur.
1192 1729 1279 1796 Med.
1297 1731 1369 1798 220.

214 1820 249 1887 id
271 1829 321 1887 est
342 1824 461 1905 famam
483 1824 620 1886 inaratae
643 1819 870 1886 cf..Matthiae
893 1818 934 1885 ad
955 1818 1077 1886 Troad.
1096 1821 1191 1886 1028.
1215 1821 1294 1906 πυρὶ
1316 1821 1371 1885 καὶ

215 1921 391 1994 στεροπαῖς
420 1907 504 1976 Oed.
536 1909 575 1974 Τ.
599 1911 674 1975 470.
710 1906 833 1998 δρόσου
860 1910 1014 1993 βιβλίνου
1047 1932 1081 1975 τε
1115 1905 1272 1994 πώματος
1299 1907 1369 1974 Ion.

217 1999 312 2064 1213.
342 1998 420 2064 ’ίστω
451 2000 585 2085 σίδηρος
614 1994 727 2085 ὅρκιόν
754 2002 788 2064 τέ
816 2023 874 2082 μοι
903 1996 1001 2085 ξίφος
1021 1997 1169 2063 Phoenn.
1189 1999 1284 2063 1671.
1306 1991 1370 2064 ὑπὸ

214 2089 274 2152 τοῦ
301 2088 446 2171 πολέμου
474 2090 531 2152 καὶ
559 2089 618 2167 τῆς
646 2085 783 2174 ὁμίχλης
810 2087 913 2155 Arist.
936 2086 1021 2172 Iqu.
1046 2088 1120 2152 810.
1149 2089 1292 2174 χαλεπαὶ
1315 2089 1371 2151 λα-

214 2177 287 2259 βεῖν
308 2169 355 2260 μὴ
379 2173 418 2241 ori
437 2171 548 2261 χρόνῳ
570 2178 625 2240 καί
647 2178 823 2265 πολιορκίᾳ
837 2176 1007 2242 Demosth.
1025 2198 1058 2262 p.
1078 2177 1153 2258 379,
1169 2177 1199 2241 8.
1223 2170 1371 2258 ὁίατράς

214 2270 391 2353 προςφέρει
412 2260 558 2348 δηγμοὺς
579 2266 636 2330 καὶ
658 2261 821 2355 φάρμακα
843 2264 1010 2331 Plutarch.
1034 2264 1077 2331 V.
1100 2263 1218 2330 PerIcl.
1244 2286 1273 2330 o.
1289 2261 1369 2330 XV.

214 2348 458 2439 προςθεμάτων
485 2357 541 2420 καὶ
570 2355 705 2419 αἰδοίων
729 2351 880 2425 Clemens
903 2353 1023 2422 Strom.
1042 2353 1103 2420 III.
1128 2354 1202 2421 553.
1232 2362 1266 2419 et
1284 2352 1372 2438 quod

216 2464 236 2506 a
261 2448 373 2508 nostra
401 2439 530 2508 dicendi
560 2441 793 2523 consuetudine
815 2442 946 2532 longius
969 2441 1133 2526 abhorret,
1162 2440 1247 2528 ἀρχὴ
1270 2440 1371 2508 πάλιν

215 2534 271 2596 καὶ
301 2527 469 2608 σύννευσις
497 2523 622 2614 syllaeo
652 2534 717 2597 τῶν
745 2531 876 2598 ποίλεων
904 2527 987 2619 πρὸς
1015 2529 1162 2612 ἀλλήλας
1183 2530 1303 2619 Polyb.
1327 2530 1370 2596 II.

215 2641 244 2686 o.
267 2621 321 2686 40.
351 2642 412 2706 pro
443 2617 528 2706 ἀρχὴ
555 2617 762 2698 συννεύσεως.
795 2620 902 2705 [Ηεεσ
923 2621 1037 2707 paucis
1066 2619 1125 2687 sed
1152 2621 1295 2687 scienter
1318 2644 1373 2686 ex·

258 2709 325 2775 suit
339 2708 566 2775 Mehlhornius
589 2709 624 2775 in
638 2709 777 2778 Dissert.
801 2709 842 2775 de
858 2707 1030 2778 Schemate
1047 2705 1112 2776 ἀπὸ
1135 2711 1255 2776 uolucri
1275 2733 1309 2796 p.
1326 2709 1371 2796 7.]

239 2797 281 2864 ed
307 2798 345 2863 fit
373 2796 536 2865 interdum
563 2806 600 2864 ut
621 2799 832 2882 vocabulum,
851 2799 940 2885 quod
964 2823 1004 2865 ex
1026 2798 1149 2886 Heynii
1170 2798 1373 2886 praescripto

213 2886 367 2973 subsequi
389 2886 539 2972 debebat,
563 2896 783 2975 praeponatur
804 2896 841 2954 ut
862 2888 936 2997 Iph.
955 2888 998 2954 A.
1016 2891 1091 2955 715.
1115 2884 1183 2968 ἥξει
1198 2884 1376 2974 Σιμόεντα

212 2980 268 3043 καί
292 2979 386 3061 δίνας
408 2975 638 3064 ἀργυροειδεῖς.
663 2979 783 3062 [θέμιν
799 2980 895 3060 Ζῆνα
911 3001 944 3043 τε
959 2977 1038 3043 Eur.
1056 2975 1147 3044 Med.
1166 2979 1240 3044 169.
1266 2971 1379 3058 Ζηυάς

217 3066 318 3150 Θέμιν
339 3065 383 3131 ib.
409 3066 498 3152 208]
524 3066 645 3132 Aesch.
668 3063 764 3136 Eum.
790 3068 864 3132 242.
887 3061 971 3151 πρὸς
993 3063 1077 3151 αἷμα
1100 3069 1156 3132 καὶ
1179 3060 1379 3151 σταλαγμὸν

156 3168 201 3216 rao
214 3151 470 3238 expectaueram,
499 3176 607 3240 neque
634 3177 761 3242 semper
791 3155 1000 3242 explicationi
1029 3153 1087 3221 sed
1116 3156 1211 3221 etiam
1236 3179 1374 3224 exorna-

212 3241 294 3306 tioni
323 3250 356 3308 et
384 3242 628 3329 amplificationi
655 3245 719 3332 hoc
745 3243 842 3310 modo
870 3244 1060 3324 inservitum
1089 3243 1124 3310 id
1152 3243 1243 3330 quod
1271 3245 1374 3311 mani·

212 3330 422 3398 festissimum
450 3331 488 3397 fit
515 3331 702 3420 hujusmodi
724 3333 898 3422 exemplis:
929 3343 999 3412 τοῖς
1022 3329 1220 3421 ἀγελάρχαις
1241 3338 1370 3425 μέμφο·

187 3444 290 3505 μαι,
318 3415 394 3487 ὅσοι
423 3414 484 3498 τάς
512 3424 637 3491 ἑαυτῶν
667 3421 806 3513 ἀφέντες
835 3421 956 3507 ἀγέλας
982 3426 1072 3508 μέλει
1100 3425 1290 3509 ποιμαίνειν
1318 3424 1369 3488 καί

212 3505 1215 3668 1010..10018λέλέλ.ί“ἐ.λ’λῖί“..ῗλῗλ.δδῖ
1240 3513 1367 3668 tlt·

212 3709 274 3754 nec
295 3687 508 3755 verberantur
530 3623 651 3777 pepoora
672 3690 735 3756 nisi
756 3689 902 3779 flagello,
931 3623 989 3757 ied
1010 3691 1062 3758 bis
1083 3689 1170 3756 idem
1194 3689 1278 3756 dixit
1300 3648 1368 3756 rhe’

211 3787 278 3856 tor,
309 3799 375 3862 quo
402 3777 530 3865 plenior
551 3777 644 3846 fieret
666 3779 768 3846 oratio
792 3788 825 3844 et
846 3779 1025 3848 rotundior.
1076 3779 1169 3846 Alias
1193 3781 1332 3846 materia
1352 3803 1368 3845 a

210 3866 378 3933 materiato
408 3876 589 3954 separatur:
622 3862 740 3952 στιβάς
768 3874 953 3958 ἐστρωμένη
981 3866 1106 3950 τάπησι
1133 3872 1189 3934 καὶ
1211 3866 1368 3959 πορφύρα

210 3956 368 4023 Themist.
393 3953 451 4024 Or.
475 3955 591 4022 XXII.
617 3958 691 4024 238.
722 3957 811 4042 quod
832 3981 899 4028 non
920 3958 999 4024 licet
1020 3957 1146 4024 amoliri
1169 3958 1217 4024 sic
1239 3966 1278 4022 ut
1300 3956 1369 4023 Ho-

210 4047 371 4113 ratianum
393 4050 463 4111 siue
485 4048 610 4112 aulaeis
633 4056 666 4112 et
687 4057 798 4123 oatro‚·
820 4049 902 4124 ναῦς
925 4053 959 4112 ἐκ
981 4043 1100 4126 πεύκης
1121 4049 1177 4112 καὶ
1193 4042 1301 4126 ξύλων
1316 4069 1369 4111 πε·

209 4134 858 4305 ἶίὲίίληιίιῗλδλλ.ῙῘλλολὲδ.
880 4135 1371 4312 έδςῖἳίλλῗῖξάοίᾜίξίἓ

209 4317 265 4379 καὶ
294 4306 414 4399 λοιβάν
436 4313 558 4399 νεκρῶν
580 4314 653 4401 Iph.
677 4314 717 4380 Τ.
737 4316 809 4381 165.
834 4336 898 4398 quo
919 4313 1025 4380 multo
1047 4314 1160 4380 durior
1181 4321 1233 4380 est
1256 4313 1300 4380 ob
1322 4313 1370 4378 in·

209 4404 338 4467 versum
353 4403 526 4468 verborum
542 4401 690 4469 ordinem
704 4401 855 4472 Alexidis
871 4403 975 4471 oratio
991 4403 1112 4470 Athen.
1124 4401 1223 4470 XIV.
1238 4404 1320 4469 621.
1329 4401 1370 4469 Ε.
