2850 4956
622 325 624 328 ’
637 323 901 378 ΣΟΦΟΚΛΕΟῬΣ

520 471 546 545 ῶ
569 483 697 564 τλᾶμον
718 479 844 568 πύτιρί

451 612 457 617 ·
522 589 598 650 οῖίιν
622 608 657 652 σε
681 593 768 670 μένει
792 590 969 653 πυθέσθαι

522 683 642 768 παιδός
663 688 830 780 δύςφορον
853 687 946 771 όταν,

523 789 566 858 δν
590 790 678 860 ούπῶ
701 820 750 875 τις
772 797 919 883 ἔθρεψεν

480 892 560 963 αίῶν
582 900 748 966 Αίακιδᾶν
771 895 895 986 ἄτερθε
917 903 1022 968 τοῦδε.

668 1112 870 1122 --ι-.---

500 1321 606 1374 ΑΙΑΣ.
646 1323 867 1376 ΤΕΚΜΗΣΣΑ.
904 1325 1033 1377 ΧΟΡΟΣ.

710 1440 740 1488 A
746 1441 762 1488 Ι
764 1442 793 1488 Α
798 1441 832 1491 Σ.

342 1513 484 1583 Ἅπανθ
506 1517 524 1583 ὁ
547 1512 674 1604 μακρός
696 1518 950 1608 κάναρίθμητος
969 1518 1090 1607 χρόνος

343 1619 419 1712 φύει
440 1620 469 1687 τ’
489 1617 598 1704 δι’δηλα
620 1627 676 1689 καὶ
700 1628 847 1712 φανέντα
871 1622 1060 1710 κρύπτεται·

341 1724 419 1793 κούκ
442 1725 507 1792 ἐστ’
527 1723 669 1793 ἄελπτον
693 1727 794 1807 οὐδὲν,
818 1727 892 1794 ἀλλ’
912 1727 1081 1795 ἁλίσκεται

338 1828 386 1915 χῶ
410 1825 515 1908 δεινός
539 1827 636 1918 ὅρκος
658 1838 713 1897 καὶ
734 1835 932 1919 περισκελεῖς
955 1821 1080 1924 φρένες.

342 1928 430 2018 κάγῶ
453 1930 526 2020 γὰρ,
551 1931 589 2012 ὃς
611 1932 652 2001 τό
676 1935 754 2001 δείν’
775 1942 970 2025 ἐκαρτέρουν
992 1935 1075 2018 τότε,

342 2039 437 2130 βαφῇ
460 2041 595 2126 σίδηρος
618 2035 668 2116 ῶς,
693 2038 891 2120 ἐθηλύνθην
913 2039 1021 2127 στόμα

344 2135 427 2226 πρός
449 2145 544 2223 τῆςδε
567 2147 626 2223 τῆς
649 2142 817 2227 γυναικός·
841 2149 986 2230 οίκτείρω
1011 2150 1044 2212 δέ
1067 2172 1118 2213 νιν

216 2327 219 2335 ¹
341 2242 449 2333 χήραν
470 2245 550 2336 παρ’
570 2250 714 2336 ἐχθροῖς,
737 2246 842 2314 παῖδά
864 2248 893 2314 τ1
914 2246 1066 2338 ὀρφανόν
1088 2253 1202 2318 λιπεῖν.

345 2348 417 2417 ἀλλ’
440 2347 503 2437 εἶμι
526 2348 608 2438 πρός
631 2377 664 2418 τε
687 2349 810 2437 λουτρὰ
832 2358 888 2420 καὶ
911 2359 1111 2440 παρακτίονς

339 2459 514 2540 λειμῶνας,
538 2456 581 2534 ὡς
604 2452 645 2523 ὀίν
669 2454 797 2541 λύμαθ’
817 2456 957 2542 ἁγνίσας
981 2454 1043 2544 ἐμοὶ
1132 2484 1133 2487 ’

343 2565 443 2647 μῆνιν
464 2563 605 2647 βαρεῖαν
628 2559 850 2644 ἐξαλεύσωμαι
874 2565 975 2640 θεᾶς·

343 2663 455 2752 μολών
478 2691 519 2744 τε,
540 2670 649 2752 χῶρον
672 2663 747 2731 ἐνθ’
770 2661 812 2730 δν
835 2665 958 2750 ἀστιβῆ
980 2674 1068 2753 κίχω,

344 2770 459 2861 κρύψω
482 2767 543 2836 τόδ
550 2769 557 2790 ’
577 2773 670 2856 ἐγχος
692 2767 826 2853 τούμόν,
850 2774 1009 2855 ἔχθιστον
1030 2773 1145 2857 βελῶν,

345 2881 443 2959 γαίας
467 2873 587 2962 ὀρύξας
610 2877 697 2939 ἔνθα
720 2872 838 2957 μήτις
862 2870 990 2964 ὄψεται.

346 2979 419 3046 ἀλλ’
448 2974 530 3046 αύτδ
553 2976 611 3057 νὺξ
637 2975 739 3060 Ἅιδης
762 3003 796 3044 τε
820 2976 990 3059 σωζόντων
1012 2977 1109 3046 κότω.

347 3081 407 3168 ἐγῶ
430 3080 493 3170 γοίρ
517 3082 551 3162 ἐξ
574 3074 613 3149 οὗ
633 3087 715 3171 χειρὶ
739 3083 828 3150 τοῦτ’
848 3083 1008 3168 ἐδεξάμην

348 3185 427 3275 παρ’
441 3185 596 3272 Ἕκτορος
619 3185 755 3275 δώρημα
780 3173 1047 3274 δνςμενεστότον,

348 3287 438 3357 ούπιύ
460 3316 491 3356 τι
514 3290 628 3358 κεδνὸν
651 3295 747 3377 ἔσχον
769 3292 920 3379 Ἀργείων
942 3289 1043 3377 πόρω.
1083 3375 1088 3383 s

285 3479 288 3482 Δ
348 3393 421 3462 ἀλλ’
442 3394 508 3462 ἐστ’
530 3392 665 3477 ἀληθὴς
689 3395 708 3476 ἡ
733 3399 863 3484 βροτῶν
885 3400 1059 3482 παροιμία,

349 3501 481 3585 ἐχθρῶν
505 3495 618 3587 ἄδωρα
642 3503 732 3585 δῶρα
756 3499 835 3566 κούκ
858 3497 1011 3584 ὀνήσιμα.

309 3603 311 3607 ’
348 3597 463 3690 τοιγδρ
479 3598 525 3670 τό
549 3601 665 3672 λοιπόν
688 3602 873 3690 εἰσόμεσθα
896 3607 955 3689 μὲν
980 3608 1074 3680 θεοῖς

350 3707 451 3787 ελκειν,
474 3705 735 3793 μαθησόμεσθα
759 3707 792 3774 δ’
819 3709 985 3793 ἕίτρείδας
1008 3709 1125 3793 σέβειν.

349 3808 504 3899 ἄρχοντές
527 3820 615 3892 εἰσιν,
638 3809 722 3890 ῶςθ’
741 3812 925 3879 ύπεικτέον·
948 3815 981 3876 τί
1003 3808 1066 3897 μή,·

350 3921 405 3982 καὶ
427 3914 490 4006 γὰρ
513 3913 556 3983 τδι
579 3911 669 3984 δεινοί
692 3911 812 3982 καὶτὰ
836 3911 1067 4001 καρτερώτατα

351 4032 460 4106 τιμαῖς
482 4019 616 4088 ὑπείκει·
642 4025 739 4088 τοῦτο
763 4023 822 4105 μὲν
844 4021 1048 4112 νιφοστιβεῖς

347 4128 501 4212 χειμῶνες
524 4128 719 4214 ἐκχωροῶσιν
743 4121 892 4214 εὐκάρπῳ
916 4127 1024 4206 θέρει·

351 4229 518 4312 ἐξίσταται
541 4233 575 4297 δὲ
597 4225 713 4308 νυκτός
736 4231 856 4310 αλανῆς
877 4225 993 4306 κύκλος

352 4340 391 4429 τῇ
414 4332 607 4423 λινκοπῶλῳ
630 4340 752 4426 φέγγος
774 4333 882 4423 ἡμέρη
906 4336 1046 4428 φλέγειν.
