2850 4958
401 354 449 411 ιο
469 356 567 412 sors.
586 356 632 412 ιι.
669 358 875 414 1.ιιι-ιιι.
1169 361 1220 418 155

56 513 147 580 modi
166 521 256 597 sunt,
279 513 332 580 vel
354 521 391 581 ut
412 513 508 580 Pind.
531 513 570 579 P
593 514 653 581 ΠΙ.
679 516 731 583 54.
762 518 868 600 ἔργοις
892 511 966 582 οὔτε
988 519 1143 626 βουλαῖς,
1157 518 1220 584 vel

56 603 253 669 ut-Lucian.
278 603 357 690 Jup.
374 604 473 691 Trag.
498 605 527 692 §.
543 606 596 668 47.
620 602 806 681 ἀλυσιτελὲς
828 606 863 670 δὲ
886 603 961 672 οὐδὲ
983 601 1107 688 ἄλογον
1123 605 1219 673 οὐδὲν

57 690 151 777 εἶχεν,
174 692 269 758 Asin.
286 694 315 778 ξ.
333 694 385 758 22.
407 696 544 776 χρυσίον
566 694 625 774 μὲν
648 689 764 757 οὐδὲ
744 689 903 776 αρμύριον
927 693 1001 760 οὐδὲ
1024 691 1106 760 ἄλλο
1123 692 1219 760 οὐδὲν

57 783 200 868 κομίζων
223 791 284 847 etc.
307 781 433 847 nullum
455 781 502 846 illi
525 781 641 863 simile,
665 780 753 866 quod
776 782 988 867 particulam
991 788 1047 847 καί
1074 784 1219 869 interpo-

58 870 154 934 sitam
178 870 287 935 habet.
327 870 436 956 Hujus
460 871 588 957 generis
612 869 797 955 exemplum
819 871 925 936 donec
948 872 1021 955 quis
1037 895 1095 958 pro
1098 871 1218 954 tulerit,

11 1017 20 1025 .
58 959 288 1044 simpliciorem
322 895 481 1024 ratilrnem
514 958 706 1044 praeferam
772 954 1055 1040 Quemadmodum
1090 959 1218 1046 Oedipo
1320 1033 1326 1039 J

58 1047 172 1113 dolore
200 1048 320 1112 furenti
349 1047 493 1134 gladium
521 1050 664 1112 δείκνυσι
694 1048 822 1132 δαίμων
850 1072 916 1130 τις,
952 1047 1060 1125 οὐδεὶς
1088 1047 1220 1132 ἀνδρῶν

58 1134 144 1202 Oed.
167 1136 321 1203 Τ.1259.
346 1137 388 1203 cf
411 1136 508 1201 adv
510 1137 609 1202 ..838
633 1136 678 1200 ita
694 1136 871 1202 Tecmessa
893 1137 1063 1242 praesagio
1080 1137 1220 1222 quodam

58 1225 127 1290 veri
149 1224 269 1289 illam
260 1249 434 1290 rmmanem
458 1223 655 1328 eandemque
678 1248 795 1290 vanam
817 1226 930 1311 Ajacis
948 1227 1157 1312 jactationem
1181 1234 1221 1292 et

59 1314 308 1380 exsultationem
331 1337 351 1379 a
373 1313 426 1378 dei
450 1336 499 1400 qu
492 1312 618 1378 usdam
640 1314 799 1379 instinctu
821 1324 918 1399 atque
936 1315 1076 1381 ludibrio
1092 1316 1220 1402 repetit

59 1410 194 1480 Δαίμιον
222 1425 342 1468 numen
364 1403 407 1489 Aj
411 1404 463 1468 aci
486 1338 643 1468 infestum
671 1401 819 1485 denotat,
848 1426 913 1469 non
936 1405 1067 1508 genium
1089 1405 1277 1487 malum,1sr

59 1499 92 1557 ut
114 1491 330 1578 Musgravius
359 1492 471 1577 opinat
472 1516 525 1571 ιιι;
554 1515 629 1556 nam
659 1491 722 1556 hoc
750 1515 853 1579 genus
877 1493 1116 1579 superstitionis
1140 1493 1220 1559 Tra-

58 1582 209 1667 gicorum
233 1589 336 1646 aetate
358 1580 503 1646 nondum
524 1580 613 1667 apud
629 1578 776 1646 Graecos
790 1583 1031 1686 percrebuerat,
1055 1581 1114 1648 sed
1128 1583 1221 1647 time-

58 1669 179 1736 bantur
212 1670 264 1734 vel
294 1669 523 1736 coelestium
514 1693 581 1734 rrae
609 1669 805 1773 privatam'
796 1670 946 1757 injuriam
973 1669 1219 1774 vindicantium,

57 1759 120 1841 rel,
145 1759 175 1823 si
198 1759 270 1843 quis
294 1758 413 1824 nullius
439 1758 549 1824 delicti
572 1759 634 1824 sibi
659 1759 809 1824 conscius
832 1768 934 1842 esset,
961 1759 1096 1831 deorum
1119 1758 1221 1824 mani·

57 1870 112 1913 um
136 1848 280 1913 firriosus
302 1848 487 1930 instinctus
517 1869 582 1932 quo
605 1847 772 1913 hominum
795 1848 1008 1934 piacularium
1031 1849 1155 1934 posteri
1178 1846 1220 1912 ad
1298 1914 1300 1917 .

56 1937 185 2003 scelera
208 1945 241 2002 et
263 1935 385 2041 flagitia
407 1936 532 2022 impelli
554 1936 730 2003 credebant
717 1945 779 2002 1.ιιι
825 1936 920 2003 Plato
944 1937 1048 2050 Legg,
1064 1937 1127 2002 IX.
1144 1938 1219 2002 854.

52 2027 99 2091 A.
136 2024 198 2091 οὐκ
226 2023 444 2108 ἀνθρώπινόν
473 2048 509 2092 οι
538 2022 642 2090 κακὸν
671 2025 746 2092 οὐδὲ
775 2029 873 2091 θεῖον
900 2036 982 2092 κινεῖ
1010 2022 1048 2090 τὸ
1080 2048 1139 2091 νυν
1168 2027 1221 2089 ἐπὶ

52 2114 119 2196 τὴν
142 2116 333 2198 ἱεροσυλίαν
355 2119 542 2197 προτρέπον
565 2118 658 2196 llum,
683 2109 838 2219 οἶστρος,
849 2116 883 2180 δι’
907 2139 955 2192 τις
977 2106 1205 2221 ἀλιτηριώδης.

148 2202 192 2268 V.
210 2203 284 2269 245.
310 2204 384 2268 246.
430 2200 518 2283 Ὠρα
550 2226 600 2267 τιν
609 2199 705 2283 ’ἤδη
728 2202 815 2287 ια’ρα
828 2202 1028 2310 καλύμμασι
1052 2200 1222 2288 κριιιμάμι-

47 2316 128 2360 νον.
174 2291 528 2376 Eustathiusp.237,
555 2293 604 2356 14.
634 2287 876 2374 ‹iporrv’a'y‘clq
904 2294 1009 2375 κρᾶτα
1033 2289 1222 2376 καλύμματι

45 2419 99 2430 -
126 2379 187 2446 sed
210 2379 306 2446 codd.
329 2403 440 2487 pmnes
463 2376 666 2488 καλύμμασι,
688 2389 820 2466 praeter
841 2380 917 2445 Bar.
933 2381 974 2446 B.
999 2381 1056 2466 qui
1077 2380 1141 2446 hoc
1162 2404 1222 2446 no·

44 2493 135 2536 men
159 2463 1221 2553 011111111;ὥραδήτιν’ἥδη11111.”ωρατιν’ἤ(1ητοικρᾶια

40 2558 119 2626 La.
156 2559 229 2623 ΓΘ.
252 2558 337 2624 Ven.
372 2556 468 2622 Bodl.
503 2556 578 2623 Bar.
609 2557 653 2622 A.
681 2557 786 2623 Laud
816 2558 926 2642 Mosq.
957 2559 1000 2626 A
1030 2557 1151 2623 Dresd.
1181 2557 1220 2622 B

45 2647 155 2714 Harl.
182 2647 254 2733 (qui
276 2671 328 2712 τοι
350 2647 495 2731 omittit).
541 2645 581 2711 Id
603 2646 813 2715 Hermannus
836 2670 855 2735 a
877 2645 1011 2712 metrico
1040 2653 1222 2712 correctore

46 2737 246 2823 profectum
267 2743 373 2821 putat,
397 2736 455 2821 qui
474 2737 510 2800 in
532 2735 667 2821 stropha
685 2731 838 2822 legebat
832 2740 908 2800 ο1ἀν
923 2732 1090 2816 ἐδήλωσας
1105 2732 1223 2824 ἀνέρος

52 2829 213 2901 αἴθοπος
247 2823 420 2908 ἀγγελίαι,
455 2823 607 2927 idemque
640 2824 848 2911 transpositis
875 2823 983 2890 verbis
1011 2819 1222 2926 καλύμμασιν

54 2916 171 2998 κρᾶτα
195 2913 346 3018 strophas
371 2912 544 2997 exaequari
566 2934 664 2998 posse
688 2912 848 2996 ostendit,
879 2913 950 2998 ipse
972 2920 1081 2976 tamen
1102 2910 1137 2975 in
1158 2909 1222 2976 Ed.

49 3001 104 3070 11.
130 3002 265 3068 retinuit
287 3000 385 3085 κάρα,
409 3002 497 3086 quod
519 2999 595 3068 inde
619 3002 811 3068 a'l'riclinio
834 3024 894 3088 per
916 3023 1035 3067 omnes
1044 2999 1130 3065 Edd.
1148 3022 1223 3086 pro-

54 3100 219 3199 pagatum
248 3099 306 3157 est.
352 3088 583 3157 Lachmannus
611 3090 655 3156 de
678 3088 766 3177 Syst.
794 3114 826 3177 p.
846 3093 919 3156 169.
950 3091 1005 3175 qui
1031 3090 1066 3155 in
1089 3088 1225 3176 stropha

56 3204 124 3268 pro
154 3178 278 3261 ἀνδρός
308 3180 420 3266 posuit
445 3177 557 3266 χορός,
586 3179 748 3246 hocloco
778 3183 885 3287 κρᾶτα
912 3186 1032 3245 tuetur.
1076 3176 1225 3246 Wunde-

58 3293 118 3336 rus
142 3269 247 3335 credit
269 3267 468 3355 Sophoclem
491 3277 546 3334 aut
568 3266 670 3334 hic
646 3293 715 3355 ωρα
739 3264 1225 3372 ιινί18η-Κρᾶτα,ε1111

65 3358 203 3462 stroplra
226 3362 302 3424 οἱάν
306 3360 517 3464 ἕφηνας-
540 3358 669 3444 Άνὲρος
693 3357 841 3435 αἴθοπος
864 3357 1021 3461 ἀμμελίαν
1044 3356 1227 3470 scripsisse,

64 3457 120 3513 aut
142 3448 172 3512 si
193 3447 247 3512 hie
272 3442 358 3534 κάρα
381 3447 542 3532 posuerit,
569 3446 620 3512 his
643 3445 747 3512 videri
768 3446 911 3512 numeris
934 3468 1030 3512 usum
1054 3448 1131 3511 οὶαν
1153 3441 1226 3526 ἐδή-

65 3537 174 3612 λωσας
197 3531 320 3642 ἄνδρας
341 3573 383 3584 —
400 3535 560 3610 Αἴθοπος
581 3559 610 3599 κ.
636 3560 663 3600 τ.
686 3538 782 3603 λ-
807 3533 901 3617 Quae
923 3541 1106 3620 sequuntur
1127 3535 1228 3600 verba

65 3626 184 3690 ποδοῖν
204 3618 373 3690 κλοπάν’
355 3648 397 3708 αρ
400 3627 519 3706 sertas,
551 3624 745 3690 Eustathius
776 3625 906 3710 saepius
929 3624 1107 3711 profertp.
1126 3625 1179 3706 66,
1196 3624 1226 3690 2.

65 3736 96 3798 p.
122 3715 226 3795 1100,
255 3713 307 3778 27.
337 3737 371 3800 p
397 3714 498 3794 1464,
522 3713 575 3780 53.
607 3709 723 3798 Φιιμὴν
753 3712 913 3802 αἴρεσθαι
944 3713 1024 3780 Ειιι.
1048 3711 1149 3780 Rhea
1174 3713 1226 3778 54.

67 3806 176 3886 {opem
200 3823 315 3884 capere
338 3810 371 3866 et
394 3822 570 3884 capessere.

152 3890 197 3956 V.
222 3893 296 3956 249.
338 3883 389 3956 H
415 3886 505 3956 θοὸν
534 3893 674 3997 ιὶριοιάς
697 3886 795 3974 ζύγον
817 3887 985 3998 ἑζομινον,
1034 3887 1227 3956 Eustatlrius

32 4020 37 4023 >
66 4003 95 4087 p.
113 3981 190 4064 828,
216 3980 268 4045 38.
292 3975 381 4057 θιιός
404 3973 498 4060 ζυγὸς
521 3975 614 4086 πμροὶ
635 3978 848 4082 Σοφοκλεῖ
836 4004 853 4044 ο
877 3974 923 4062 μὴ
947 3973 1047 4056 αὐτὸς
1069 3972 1228 4061 ὢνταχύς

65 4067 179 4134 ἀλλ’
164 4093 184 4136 o
207 4067 315 4143 α1τιος
336 4093 396 4134 τον
419 4065 688 4152 ἐπιταχύναοθαι
710 4068 776 4148 νῆα
799 4065 1025 4150 κωπηλαταις,
1048 4065 1227 4150 eodemque

68 4157 162 4224 modo
193 4181 226 4243 p.
252 4159 332 4239 678,
364 4158 414 4222 27.
445 4164 536 4242 etp.
562 4158 659 4238 1041,
682 4158 734 4224 30.
779 4156 965 4223 ΒιοιιοΙιίιιι
994 4163 1051 4222 aut
1037 4155 1138 4220 thoc
1160 4177 1228 4219 am-

69 4245 276 4349 plectendum
305 4206 361 4311 airt
384 4243 474 4312 θοόν
503 4268 562 4331 pro
592 4245 746 4311 adverbio
754 4246 917 4354 mpositum
940 4267 1011 4312 esse
1035 4251 1099 4310 stat
1085 4243 1164 4325 tuit,
1193 4243 1228 4308 in

2 4377 18 4399 .
67 4334 189 4403 incerto
213 4335 399 4440 relinquens
422 4341 532 4400 utrum
555 4333 589 4400 id
612 4339 723 4400 cums
726 4332 863 4420 ζόμενον
879 4357 931 4417 an,
954 4341 991 4398 ut
1003 4333 1097 4398 Mus
1124 4332 1228 4416 avius,

69 4447 139 4492 cum
167 4427 358 4512 μεθεῖναι
347 4425 442 4512 Jungi
465 4423 614 4490 voluerit.
666 4423 803 4509 Proprie
825 4423 979 4508 loquutus
1002 4430 1052 4488 est
1106 4421 1227 4510 rpheus
