2874 4972
452 363 499 416 Ac
518 363 616 416 SOPH.
635 361 679 416 AI.
716 363 748 416 V.
762 362 822 415 222.
858 355 859 358 “
1166 363 1215 419 137

63 522 161 589 sentit
187 519 371 607 Stephanus
403 522 525 584 Μαίων
558 513 596 582 τὸ
628 515 766 584 ἐθνικόν
801 516 981 604 ὁμωνύμως
1015 522 1060 602 τῷ
1093 522 1216 607 κτιοτῇ,

62 611 228 696 discrepat
255 632 333 675 vero
356 607 464 676 Schol.
488 608 573 674 Ven.
595 607 655 673 IV.
680 607 753 672 394.
810 611 932 672 Μαίων
960 605 1151 693 βαροιόνως
1174 616 1217 686 είς

62 695 239 786 ἀποφυγὴν
263 701 321 763 τοῦ
344 699 492 776 ἐθνικοῦ,
517 696 605 781 quod
627 704 806 783 oxytonum
829 697 935 762 estin
958 695 1053 762 codd.
1069 696 1216 762 Herodo.

60 790 86 853 I.
118 791 148 852 7.
171 786 247 853 Vll.
279 789 331 852 74.
361 785 420 850 sed
448 794 480 851 et
508 785 776 872 andronymicum
805 785 852 851 sic
880 785 1037 870 scriptum
1065 785 1218 852 exhibent

62 875 157 941 codd.
174 875 330 960 Apollod.
347 875 407 940 III.
432 879 463 958 6,
487 877 517 940 5.
563 875 733 941 Postremo
757 874 810 939 dei
832 896 951 938 nomen
965 874 1084 939 medici
1102 877 1217 939 Παιώ-

60 989 118 1041 νος
146 965 298 1030 scribitur
326 963 438 1030 Solon.
467 965 599 1051 Fragm.
628 963 688 1030 IV.
713 965 765 1028 57.
794 961 894 1048 Soph.
923 962 1007 1027 Phil.
1040 963 1113 1028 168.
1143 963 1218 1028 Ari-

61 1053 137 1120 stid.
166 1054 205 1119 Τ.
227 1051 254 1116 Ι.
278 1076 311 1138 p.
329 1056 381 1118 71.
411 1063 548 1118 accentu
577 1053 639 1119 alio
668 1052 765 1137 atque
788 1050 906 1118 Suidas
929 1051 1038 1137 poscit
1063 1055 1219 1128 Παιῶνος

50 1143 121 1207 ’τοῦ
142 1138 257 1226 ὕμνον,
280 1145 424 1218 παίωνος
448 1144 481 1208 δὲ
505 1145 564 1208 τοῦ
586 1145 712 1225 ἰατροῦ,
734 1164 839 1226 neque
859 1163 924 1205 non
940 1140 1015 1205 libri
1037 1141 1163 1205 variant
1185 1165 1216 1205 v.
1359 1212 1361 1217 ¹

61 1229 251 1298 Schneider.
279 1229 322 1304 ad
353 1227 423 1295 Civ.
451 1231 557 1304 T.11.
582 1232 656 1297 208.
702 1231 779 1295 Duo
808 1229 1004 1316 appellativa
1033 1238 1109 1294 sunt
1137 1225 1219 1294 όιιών
1278 1252 1279 1255 ’

62 1327 95 1383 et
116 1321 235 1401 βαίων,
264 1318 353 1403 quod
376 1342 449 1384 cum
472 1320 536 1385 illis
560 1320 787 1405 complectitur
808 1319 917 1404 Etym.
940 1318 990 1386 M.
1012 1318 1036 1386 l.
1061 1340 1087 1383 c.
1113 1327 1146 1382 et
1169 1340 1219 1384 se·
1268 1389 1272 1393 ,

60 1409 198 1494 paratim
227 1430 260 1493 p.
285 1409 358 1489 192,
388 1410 441 1473 52.
469 1410 577 1494 βοείων
605 1411 749 1490 βλέννος.
799 1407 993 1494 ,Ἐπίχαρμος
1022 1409 1056 1472 δὲ
1079 1404 1219 1487 βαιόνας

61 1498 162 1579 λέγει,
190 1495 279 1579 quod
306 1496 339 1559 in
368 1505 483 1580 poetae
513 1496 608 1562 siculi
635 1496 784 1562 versibus
813 1496 932 1560 Athen.
964 1493 1039 1560 VII.
1071 1496 1144 1560 288.
1174 1496 1217 1560 Α.

62 1584 160 1650 modo
184 1585 232 1650 sic
254 1583 351 1649 modo
373 1586 515 1665 βαίονας
539 1585 701 1651 scribitur.
747 1583 854 1650 Unius
876 1584 998 1648 formae
1021 1591 1073 1648 est
1091 1581 1219 1662 πλειώγ,

63 1676 236 1753 πλειῶνος,
265 1671 323 1736 sed
345 1669 458 1752 πρηών
481 1672 655 1759 dupliciter
677 1673 874 1754 declinatur,
903 1670 1049 1754 μεγάλου
1071 1674 1221 1754 πρηῶνος

63 1760 201 1827 Hesiod.
230 1758 322 1826 Scut.
353 1761 429 1827 437.
458 1760 569 1827 Nonn.
589 1761 685 1827 XIV.
710 1763 784 1828 437.
821 1769 853 1825 et
890 1762 1047 1824 Κίλισσαι
1082 1756 1221 1840 πρηόνες

62 1848 207 1914 Nicand.
231 1849 285 1912 Al.
315 1850 389 1914 218.
413 1847 554 1930 πρηόοιν
584 1850 740 1916 ’θοοείοοι
768 1849 941 1934 (feminine
968 1848 1069 1934 puto)
1094 1845 1219 1914 Callim.
1261 1907 1262 1913 ,

62 1936 109 2002 Η.
139 1938 173 2001 in
196 1937 294 2001 Dian.
319 1938 370 2002 53.
402 1938 518 2022 quibus
542 1938 669 2004 accedit
690 1947 989 2025 proparoxytonum
1011 1934 1156 2022 πρώονες
1179 1936 1222 2015 ὡς

63 2022 233 2112 σώφρονες
255 2025 365 2092 Schol.
388 2026 472 2091 Ven.
501 2030 537 2092 Θ.
563 2029 637 2116 557.
666 2037 698 2093 et
726 2050 799 2093 eum
823 2026 941 2114 dialysi
962 2027 1092 2092 inversa
1113 2022 1222 2108 πρόω-

62 2137 116 2189 νες
143 2119 175 2180 οὶ
202 2111 451 2199 προνενεοκότες
480 2113 577 2181 τόποι
604 2120 668 2180 τῶν
696 2114 782 2201 ὁρῶν
811 2114 901 2182 Suid.
925 2114 1096 2180 Postrema
1124 2115 1221 2201 hujus

63 2203 192 2290 generis
215 2210 291 2268 sunt
313 2200 409 2286 κόων,
433 2203 561 2270 όιλκνών
584 2214 617 2270 et
640 2203 833 2288 ἀλεκτρυών,
856 2228 932 2269 nam
956 2203 1070 2268 ὀπόων
1086 2201 1221 2286 (όπίων)

63 2288 247 2374 dedendas,
277 2288 419 2375 ξονήων,
442 2289 571 2373 παιήων
595 2291 770 2379 (παιήονος
793 2293 885 2360 οἶνον
906 2292 1017 2358 Nonn.
1041 2292 1142 2358 XIX.
1168 2294 1219 2357 24.

62 2378 210 2462 παιήονα
232 2378 358 2464 βουλήν
381 2378 584 2448 Christodor.
600 2382 722 2469 Ecphr.
747 2377 838 2461 255.)
861 2383 989 2466 utrique
1013 2381 1124 2468 generi
1146 2390 1223 2468 apta

64 2491 167 2553 eoque
190 2468 357 2555 adjectivis
373 2469 527 2536 similiora
541 2471 644 2537 videri
659 2481 813 2558 possunt3
837 2480 925 2537 certe
941 2470 1119 2537 derivativa
1135 2481 1221 2536 sunt.

63 2558 102 2624 In
126 2559 190 2623 hoo
210 2558 312 2644 igitur
333 2581 468 2624 numero
491 2583 657 2645 perpauca
678 2561 887 2626 inveniuntur
910 2559 1116 2645 appellativa,
1140 2580 1222 2642 quae
1339 2585 1344 2599 =

63 2647 98 2712 in
121 2647 191 2712 aliis
214 2647 360 2712 dialectis
384 2647 477 2713 aliter
499 2647 712 2731 declinentur,
734 2649 859 2714 nullum
882 2670 947 2732 quo
971 2647 1093 2734 duplex
1120 2646 1223 2711 nomi·

64 2736 115 2800 nis
138 2737 243 2822 πρίων
266 2735 439 2801 declinatio
464 2737 553 2823 apud
576 2738 721 2824 ejusdem
742 2737 873 2823 linguae
896 2743 1045 2801 auctores
1075 2735 1224 2800 excusari

64 2824 181 2910 possit.
225 2821 293 2891 Sed
316 2847 356 2889 ne
380 2827 527 2908 quaestio
549 2825 739 2912 imperfecta
760 2827 971 2908 relinquatur,
999 2823 1117 2887 addam
1141 2845 1223 2908 quae

65 2932 107 2997 de
129 2954 194 2997 non
214 2932 307 3017 puris
331 2933 469 2998 collecta
489 2933 605 2998 habeo.
642 2932 726 2998 Fixa
748 2941 824 2998 sunt
846 2954 929 3017 quae
945 2931 979 2996 in
1001 2932 1071 3014 βων
1094 2937 1224 3011 exeunt,

65 3016 194 3103 όίμβων,
218 3017 388 3103 ἀρραβών,
410 3017 554 3104 βουβών,
576 3024 701 3105 τρίβων
724 3021 768 3108 [v.
791 3022 993 3108 Theognost.
1020 3019 1055 3083 in
1078 3015 1224 3084 Crameri

64 3108 130 3173 An.
155 3105 219 3175 Ox.
242 3108 286 3174 II.
309 3133 341 3195 p.
359 3111 438 3194 30.],
453 3110 545 3196 'quae
568 3132 642 3175 cum
665 3133 784 3198 genere
806 3109 986 3178 masculino
1014 3115 1145 3174 servant
1166 3130 1224 3174 vo·
1237 3127 1280 3174 ros
1400 3159 1403 3163 -

66 3198 170 3262 oalem
192 3199 383 3263 nominativi
406 3207 438 3263 et
460 3200 649 3264 femininum
672 3196 817 3282 ῥυμβών,
841 3199 928 3283 quod
952 3222 1023 3262 eam
1041 3196 1223 3283 corripit1).

65 3286 193 3351 Pariter
221 3286 283 3352 sibi
313 3296 463 3354 constant
485 3286 592 3372 όγών,
621 3287 709 3372 quod
732 3299 903 3353 accentum
925 3286 1093 3372 periectici
1115 3285 1224 3367 habet,

65 3371 184 3455 πώγων
214 3384 246 3439 et
275 3373 415 3459 όιρίγων,
446 3374 624 3459 ἀρίγωνος,
654 3373 739 3453 eidos
762 3374 903 3458 δόρατος
925 3374 1052 3441 Anecd.
1075 3398 1109 3462 p.
1129 3375 1224 3442 1340.

66 3461 282 3548 [Theognost.
306 3465 328 3529 1.
354 3487 382 3530 c.
406 3489 439 3551 p.
457 3466 508 3543 31,
536 3465 601 3551 lt]
653 3461 722 3531 Sed
744 3463 785 3529 de
807 3466 871 3533 hoc
894 3487 1012 3552 genere
1035 3463 1225 3529 nominatim

65 3551 225 3638 praecipit
254 3550 364 3618 Schol.
384 3553 472 3618 Ven.
496 3553 596 3619 XXI.
624 3555 696 3618 141.
724 3562 866 3640 oxytona
894 3576 984 3635 esse,
1013 3575 1095 3636 quae
1124 3560 1225 3638 perri

66 3638 287 3724 declinentur,
317 3639 564 3731 Παφλαγόνος,
593 3640 863 3724 Ἀαιστρυγόνος,
896 3641 1089 3724 Πηλεγόνος
1118 3643 1225 3728 (cujus

67 3728 252 3814 exemplum
287 3730 418 3796 minime
446 3738 559 3816 aptum
586 3729 681 3795 affert
710 3753 750 3794 ex
779 3728 905 3796 Gallim.
936 3730 979 3796 H.
1010 3730 1044 3796 in
1074 3729 1151 3796 Jov.
1178 3729 1224 3813 3.)

50 3815 188 3904 [Strab.
213 3841 245 3903 p.
263 3818 352 3905 33l.]
385 3817 566 3902 ἀρηγόνος,
593 3818 751 3905 barytona
779 3828 886 3885 autem
913 3820 965 3884 vel
992 3843 1052 3905 per
1075 3827 1100 3882 ῶ
1128 3817 1226 3883 decli-

66 3906 137 3971 nari
166 3906 217 3988 uel
246 3929 306 3992 per
334 3913 388 3990 ν’τ,
422 3907 630 3992 Οὐκαλέγων,
657 3905 829 3993 Πελάγων,
853 3905 1225 3994 Σαλόγγων,ριέοφοι

143 4157 166 4221 ¹)
186 4161 298 4211 Arcadio
317 4177 341 4224 p.
362 4160 402 4211 10.
421 4160 578 4211 restituenda
596 4153 717 4225 στίλβων
734 4176 781 4225 pro
800 4162 928 4226 στείβων,
947 4153 1071 4227 Ἀλαβών
1093 4161 1162 4210 fluvii
1180 4175 1226 4210 no-

66 4247 127 4283 men
144 4248 166 4282 v.
187 4231 274 4296 Steph.
286 4230 445 4314 Χαρναβῶν
463 4249 484 4283 v.
498 4233 625 4297 Aglaoph.
645 4248 669 4296 p.
684 4232 744 4283 215.
765 4240 790 4283 et
807 4235 834 4283 in
853 4235 908 4284 aliis
923 4233 1142 4283 terminationibus
1159 4221 1226 4281 ἀνό-

67 4297 125 4355 δων
147 4319 173 4368 p.
194 4303 235 4365 11,
256 4303 279 4354 9.
303 4320 350 4368 pro
373 4297 491 4364 αιιόὸων,
515 4295 676 4365 Ἀσπληᾶών
700 4320 747 4368 pro
766 4296 916 4366 Ἀσπιδών,
934 4302 1031 4360 πίθων
1048 4319 1094 4367 pro
1113 4295 1223 4364 πόθων,

66 4368 170 4427 κώθων
193 4389 239 4439 pro
263 4365 343 4424 ’όθων
365 4392 390 4439 p.
410 4375 451 4426 12.
473 4367 638 4443 Ἀργανθών
650 4391 700 4457 pro
720 4367 865 4443 ἄργαθών,
886 4367 1037 4443 φαρμακών
1055 4391 1101 4438 pro
1120 4367 1224 4444 ὃαρμοι-

66 4440 133 4509 nav,
151 4439 272 4513 Δάφνων
290 4442 322 4509 (v.
342 4448 374 4498 ad
394 4445 470 4511 Greg.
490 4444 561 4508 884.)
580 4463 627 4513 pro
645 4463 771 4513 αμφνων.
