2858 4964
184 314 230 380 *u
632 320 917 375 oonnnurlsrus

194 485 386 567 προβαίνειν
409 476 467 546 τὸν
490 477 580 544 πόδα
603 501 678 543 oum
702 474 817 562 ᾄσσων
841 471 901 560 τὴν
921 481 1003 563 χέρα
1030 478 1119 543 nullo
1142 477 1240 543 modo
1264 502 1352 546 oom-

194 573 273 659 poni
294 592 401 657 posse.
448 568 484 636 si
506 568 578 653 quis
602 576 709 632 autem
731 566 787 632 illa
810 567 843 632 in
859 567 1014 632 auxilium
1029 576 1136 650 voeet,
1160 570 1352 651 ἑκβαίνετον

153 678 182 722 89
195 657 253 726 τὸν
275 665 402 747 πατέρα
425 657 527 723 Arist.
549 657 681 744 Fragm.
704 656 773 720 Ine.
789 654 978 723 XXXVII.
1001 653 1164 738 ἀνάβαινε
1187 653 1249 736 τὴν
1264 661 1352 724 θέαν

195 747 310 816 Galen.
341 747 381 813 de
403 746 502 812 Adm.
527 746 625 811 Anat.
648 745 689 810 L.
712 744 773 810 ΠΙ.
798 745 829 828 3,
854 747 906 810 70.
931 745 969 809 Τ.
987 743 1046 810 IV.
1079 746 1126 830 (p.
1144 747 1219 811 354.
1244 746 1283 814 Τ.
1308 747 1350 814 Π.

193 837 340 922 Kuehn.)
370 860 431 922 pro
461 857 524 920 quo
554 835 720 901 Himerius
747 833 819 899 Eol.
841 833 977 899 XXXI.
1009 836 1039 916 6,
1063 835 1137 899 290.
1167 834 1351 918 μεταβιβά-

195 926 259 1000 ζειν
281 922 342 1006 τὴν
366 929 453 990 θέαν
476 923 568 1005 dixit,
592 919 629 988 τὸ
653 928 804 1006 συγγενές
826 945 877 986 νιν
893 923 1075 1006 ἐμβέβακεν
1090 921 1211 1007 ’ίχνεσιν
1226 922 1352 1010 πατρός

194 1014 289 1082 Pind.
314 1014 352 1078 P.
375 1013 421 1078 X.
447 1014 498 1078 20.
529 1011 617 1096 quod
640 1009 838 1078 Scholiastes
860 1011 1092 1097 interpretatur
1116 1013 1273 1093 ἐπιβῆναι
1296 1038 1352 1078 πε-

195 1108 327 1182 ποίηκε,
357 1110 393 1166 ut
421 1101 485 1166 hoe
511 1101 583 1166 loeo
614 1094 708 1184 ἀίσσει
734 1105 815 1185 χέρα
845 1100 1010 1186 ascipiunt
1032 1124 1092 1186 pro
1116 1094 1232 1184 ἀσσειν
1254 1111 1352 1185 ποιεῖ,

195 1192 277 1257 haee
303 1191 403 1278 igitur
432 1191 510 1256 satis
539 1189 669 1273 quidem
701 1198 790 1254 certa
819 1197 895 1254 sunt
917 1188 1080 1255 factitivae
1104 1189 1351 1276 significationis

196 1280 343 1366 exempla
365 1279 424 1346 sed
445 1303 464 1343 a
486 1279 653 1365 proposito
676 1278 779 1343 aliena
801 1287 936 1364 propter
950 1279 1236 1364 praepositionem,
1260 1284 1371 1368 eujus,

196 1391 332 1434 accessu
363 1369 462 1434 verba
496 1367 654 1434 neutralia
687 1390 784 1453 saepe
814 1367 960 1432 factitiva
987 1368 1085 1449 fiunt,
1119 1375 1156 1431 ut
1183 1366 1351 1435 ἀνατέλλει

99 1499 107 1515 ·
195 1459 215 1523 i.
247 1479 277 1541 q.
313 1451 502 1523 ἀνατέλλειν
535 1459 629 1538 ποιῶ,
664 1455 818 1546 ἀνένηψα
850 1452 954 1521 αὐτὸν
981 1456 1118 1520 Lucian.
1148 1456 1207 1522 Bis
1242 1469 1350 1524 a'eeus.

195 1549 225 1631 ᾖ.
244 1549 294 1611 17.
325 1551 356 1611 οἱ
379 1543 456 1628 μύες
485 1543 683 1612 ἀνανεύουσι
712 1541 772 1624 τήν
795 1537 943 1628 κεφαλὴν
967 1543 1071 1609 ὀπίσω
1094 1547 1150 1610 καὶ
1170 1544 1352 1613 ἐπινεύουσι

196 1634 312 1702 Galen.
344 1634 385 1700 de
412 1634 473 1700 Us.
504 1635 592 1700 Part.
622 1631 663 1697 L.
693 1632 773 1698 XH.
799 1635 830 1717 8,
855 1636 928 1700 597.
958 1634 997 1698 T.
1021 1632 1081 1698 IV.
1113 1631 1287 1712 ἐπινεύσας
1314 1633 1351 1700 τὸ

194 1720 351 1811 κεράμιον
381 1726 482 1789 ὲάσον
510 1726 629 1809 ῥυῆναι
659 1719 790 1808 Geopp.
813 1721 889 1789 VH.
920 1725 956 1803 9,
989 1726 1017 1787 1.
1037 1722 1065 1806 1)
1095 1724 1242 1804 ἔγνωσαν
1271 1722 1350 1790 ἀνα·

195 1815 333 1878 πνεῦσαι
355 1809 414 1893 τὴν
437 1816 539 1877 ίππον
554 1809 685 1877 Heliod.
699 1810 792 1876 VIII.
812 1814 864 1894 14,
881 1812 954 1876 339.
980 1808 1106 1877 σπεύδω
1122 1809 1351 1896 ἀμεταβάτως,

196 1898 375 1966 έπισπεύδω
405 1902 439 1966 δέ
469 1907 579 1986 ἕτερον
614 1897 723 1966 Schol.
754 1900 893 1966 Theoor.
919 1899 959 1965 V.
986 1901 1015 1964 3.
1046 1899 1258 1985 similiterque
1287 1909 1351 1967 έπι-

195 1986 342 2072 βάσνειν,
365 1986 526 2074 έπισχύειν
549 1998 582 2054 et
606 1986 839 2074 συνεπισχύειν,
863 1992 1095 2066 κατασθενεῖν,
1118 1992 1307 2074 κατασιγᾷν
1322 1999 1352 2055 et

195 2082 410 2162 κατασιωπᾷν
433 2103 507 2144 τινα
518 2078 547 2160 ²)
571 2077 698 2161 aliaque
721 2077 763 2143 ad
785 2103 816 2142 v.
842 2079 918 2144 869.
942 2076 1115 2162 adscripta.
1161 2077 1253 2166 Ergo
1279 2079 1351 2144 sim-

195 2166 293 2253 plicia
322 2165 627 2252 circumspicienda
642 2174 718 2231 sunt
746 2174 778 2231 et
801 2191 839 2232 ea
861 2166 990 2250 quidem
1014 2166 1188 2253 primitiva,
1212 2191 1289 2233 nam
1313 2167 1350 2234 de

196 2254 349 2322 derivatis
378 2254 420 2319 ad
447 2256 469 2319 l.
494 2278 521 2321 ο.
547 2254 733 2320 disseretur.
780 2255 976 2339 Plerumque
1000 2255 1130 2340 quidem
1154 2279 1229 2321 oum
1253 2258 1351 2345 signi·

194 2344 344 2409 ficatione
378 2352 521 2409 mutatur
554 2345 738 2410 terminatio
768 2353 824 2410 aut
854 2344 994 2429 simplioi
1022 2367 1186 2432 paragoge
1217 2346 1351 2428 πλήθω,

194 2436 378 2517 πίμπλημι,
406 2434 530 2516 βαίνω,
559 2430 697 2515 βιβάζω,
726 2431 944 2516 προςβιβάζω,
972 2439 1071 2515 γέμω,
1099 2437 1229 2516 νεμίζω,
1258 2438 1351 2516 πίνω,

195 2526 336 2586 πιπίσκω
360 2529 421 2586 eto.
459 2530 530 2603 aut,
566 2520 653 2604 quod
686 2522 720 2586 in
754 2520 905 2588 derivatis
939 2522 1009 2588 fieri
1044 2523 1142 2604 solet,
1178 2521 1351 2605 declinam,

197 2612 347 2691 δειπνέω,
377 2611 540 2691 δειπνίζω,
570 2607 728 2690 ἀριστάω,
759 2609 923 2694 ἀριστίζω,
954 2609 1069 2692 σιγάω,
1097 2608 1230 2694 σιγάζω,
1260 2615 1351 2700 eujus

195 2698 419 2764 heteroclisiae
453 2695 630 2764 similitudo
665 2708 802 2784 apparet
834 2700 868 2763 iu
900 2699 1008 2766 latinis
1045 2705 1179 2783 liquere,
1217 2704 1350 2784 liquore,

195 2791 316 2865 sedere,
345 2792 470 2866 sedare,
496 2792 636 2870 placere,
659 2792 803 2870 placore,
828 2792 962 2866 clarere,
987 2795 1124 2866 clarore,
1149 2793 1264 2868 lucere,
1290 2795 1352 2857 eol·

196 2880 319 2954 lucare,
347 2882 473 2960 fayore,
504 2881 634 2960 fayore,
667 2881 823 2960 pendere,
854 2881 1000 2960 pendere.
1059 2876 1126 2946 Sed
1153 2885 1230 2943 sunt
1257 2880 1353 2945 etiam

196 2986 277 3049 quae
301 2964 382 3031 duas
405 2966 659 3053 significationes
682 2967 716 3031 in
730 2990 795 3031 una
811 2967 920 3052 specie
935 2967 1079 3034 inclusas
1095 2965 1247 3050 habeant,
1271 2991 1352 3052 quae

196 3076 237 3118 ex
264 3053 377 3119 ordine
404 3055 622 3141 persenseb0,
657 3055 685 3120 si
712 3056 803 3141 prius
832 3056 983 3143 ambigua
1012 3055 1170 3141 quaedam
1200 3057 1351 3122 amolitus

196 3141 297 3206 fuero.
354 3142 500 3210 Primum
528 3146 613 3210 enim
641 3143 741 3210 verba
770 3144 911 3232 augendi
940 3154 973 3210 et
999 3143 1223 3227 adolescendi,
1255 3142 1350 3226 αύξω,

198 3227 296 3308 ἀέξω,
323 3228 497 3317 αύξάνωῧ)
528 3231 695 3316 ἀλδήσκω,
726 3230 872 3312 ἀτάλλω,
903 3231 1067 3300 ἀτιτάλλω
1096 3235 1206 3300 Tzetz.
1230 3234 1351 3301 Anteh.

198 3426 289 3475 dieitur
312 3418 418 3488 ὄκλάζω
440 3419 493 3478 τὸν
514 3422 601 3494 πόδα,
624 3433 728 3482 abusive
752 3439 838 3483 autem
860 3431 929 3485 ποῦς
950 3424 1074 3494 ὀκλάζων
1091 3433 1175 3484 Nonn.
1194 3433 1293 3485 XVIII.
1312 3433 1351 3484 15.

199 3496 356 3549 christodor.
376 3501 469 3566 Eophr.
488 3518 510 3551 v.
532 3503 591 3555 300.
612 3495 740 3565 ὀκλάζειν
750 3504 805 3552 Ιἐπὶ
821 3505 880 3556 τοῖς
897 3507 966 3555 ποσί
980 3506 1056 3555 Paus.
1075 3506 1109 3555 X.
1129 3504 1171 3566 29,
1191 3504 1216 3554 4.

272 3581 295 3645 1)
316 3585 382 3636 Cum
404 3589 443 3637 his
462 3605 537 3640 nemo
556 3591 671 3641 conferet
690 3583 809 3640 έπινεύω
827 3586 881 3654 τὴν
899 3583 1018 3657 κεφαλήν
1036 3593 1075 3641 vel
1093 3581 1145 3640 τὸν
1162 3582 1265 3653 αὐχένα
1283 3591 1352 3645 Sext.

198 3672 220 3707 e.
238 3659 312 3710 Rhet.
331 3674 356 3721 p.
375 3657 434 3710 215.
462 3651 526 3723 [τὴν
548 3653 667 3728 κεφαλὴν
684 3660 721 3714 εἰς
738 3652 792 3725 τὴν
809 3662 861 3728 γῆν
878 3655 967 3712 νεύων
985 3664 1104 3714 Philostr.
1122 3664 1178 3713 Iun.
1197 3663 1295 3728 Imagg.
1307 3663 1352 3714 XI.

198 3725 272 3792 884]
302 3745 367 3792 quae
392 3739 451 3781 sunt
473 3722 539 3781 ὅλον
558 3724 631 3783 αατά
654 3734 745 3801 μέρος,
773 3741 801 3784 ut
824 3726 924 3796 αύχένα
946 3726 1015 3801 αύψε
1040 3734 1139 3797 Λυαίῳ
1161 3735 1247 3785 Nonn.
1270 3735 1352 3786 XVII.

198 3799 258 3852 346.
304 3802 387 3866 Magis
413 3804 532 3867 ambIgua
559 3813 618 3855 sunt
644 3797 730 3870 λόφον
756 3799 828 3854 νεύει
855 3799 1002 3876 τρυφάλεια
1031 3804 1140 3873 Oppian.
1170 3805 1235 3870 Cyn.
1253 3807 1274 3858 I.
1295 3806 1352 3857 184.

196 3866 324 3924 aerioma
342 3865 440 3939 λόφους
458 3875 579 3941 Apollon.
597 3878 630 3926 11.
652 3877 728 3928 1065.

272 3958 296 4022 ²)
315 3961 466 4025 Suspectum
485 3971 523 4012 est
541 3964 651 4027 simplex
670 3957 880 4029 σιωπησάμενος
897 3953 933 4012 roi
952 3957 1047 4027 πλήθη
1060 3964 1150 4029 Polyb.
1163 3964 1261 4015 XVIII.
1272 3965 1315 4026 24,
1328 3965 1352 4014 4.

270 4045 294 4110 ³)
314 4049 411 4098 Contra
427 4049 535 4099 Lueiani
557 4059 722 4114 praeceptum
744 4051 895 4101 Aristoteles
915 4050 991 4101 Anal.
1009 4051 1051 4100 Pr.
1070 4052 1090 4100 I.
1112 4052 1135 4100 7.
1154 4067 1178 4114 p.
1198 4049 1259 4100 446.
1284 4050 1352 4116 Sylb.

196 4112 307 4178 αὐξάνει
329 4112 346 4183 ἡ
366 4112 477 4183 σελήνη,
500 4122 589 4186 Polyb.
608 4123 678 4173 XVI.
699 4123 740 4173 21.
760 4114 860 4185 ηύξανε
878 4112 912 4170 τὸ
930 4115 1022 4182 κακόν,
1043 4123 1111 4184 qnod
1130 4121 1353 4187 Schweighaeuse-

196 4207 238 4240 rus
257 4201 352 4242 temere
370 4201 510 4258 suspectat,
534 4195 611 4244 Diod.
630 4195 676 4244 XI.
696 4210 717 4245 ο.
737 4195 780 4245 81.
801 4202 826 4244 et
844 4210 865 4245 ο.
886 4194 927 4244 90.
947 4183 997 4242 ἐὰν
1015 4185 1178 4257 αύξήσωσιν.
1216 4194 1261 4246 Sio
1280 4198 1353 4246 etiam

197 4261 296 4314 Conon.
315 4265 408 4315 xnlv.
429 4265 548 4316 Clemens
567 4266 660 4316 Strom.
674 4267 744 4317 VIII.
764 4266 822 4316 919.
843 4266 940 4328 etalii,
962 4281 1026 4329 quos
1044 4266 1091 4316 viri
1109 4267 1177 4316 docti
1196 4268 1229 4316 ed
1246 4268 1351 4317 Luoien

196 4330 309 4398 Philops.
334 4333 356 4395 ἐ.
377 4336 401 4385 4.
426 4338 554 4387 Thomam
574 4339 609 4387 M.
630 4352 650 4386 s.
670 4339 694 4387 h.
714 4355 736 4389 v.
761 4345 786 4389 et
808 4339 839 4389 ad
866 4337 945 4403 Soph.
970 4337 1035 4390 Oed.
1054 4339 1084 4388 Τ.
1107 4337 1184 4389 1085.
1207 4340 1352 4400 attulerunt,

196 4407 319 4456 nonnulla
336 4409 419 4459 aliena
437 4411 648 4460 intermiscentes.
