2858 4964
172 342 223 399 132
613 338 887 394 COMMENTARIUS

173 495 324 574 Ὄθωνος
353 497 451 562 fuisse
479 495 607 563 videtur
636 498 793 583 Δαίμοσι,
822 495 857 560 id
879 503 939 579 est,
969 499 1032 562 diis
1055 498 1211 562 mortibus.
1258 497 1324 583 Ap.

170 589 280 655 Noun.
303 586 366 652 XI.
388 587 466 660 450.
495 587 694 670 λελασμένος
720 581 841 662 ὕδατος
871 580 980 671 ὄχθης
1008 586 1105 652 scrib.
1136 583 1273 666 η’θάδος
1296 594 1328 650 et

169 677 268 743 XIX.
294 677 368 742 293.
415 672 545 763 Μάρων
574 670 741 740 ἐνιδάσιτο
770 677 864 754 νίκην
893 675 990 740 scrib.
1014 673 1212 754 ἀνεδήσατο.
1258 674 1326 739 Ηο-
1421 694 1422 697 ’

170 766 300 852 sychius
318 760 512 846 Ἀριθάτων,
529 766 681 847 πολέμων
699 761 795 828 scrib.
813 762 1010 852 ἀρειφάτων,
1035 787 1075 828 ex
1089 764 1213 829 Aesch.
1228 763 1325 828 Eum.

170 858 245 922 901.
269 849 465 941 ’ἀρειφάτων
488 850 633 934 ἀγώνων.
681 850 822 933 Gravius
846 861 1006 939 corrupta·
1022 851 1204 940 Nicephori
1226 852 1327 918 verba

168 967 201 1030 p.
225 944 300 1008 486.
330 942 372 1048 T,
391 941 416 1006 I.
447 939 559 1005 Rhett.
592 939 775 1049 vett.,oridi
803 938 879 1017 Διὸς
909 939 1036 1028 ἀγρότα
1067 944 1151 1008 θεοῦ
1180 939 1327 1026 μεγάλου

169 1031 1078 1204 306631λάσπάλιρῗ.ἕ”ῗιράλλ“’66735...
1139 1119 1325 1184 amenus

176 1203 414 1283 Τελλιάταντος
449 1204 564 1289 edidit,
599 1206 687 1290 quod
715 1206 856 1275 Membr.
891 1208 950 1273 La.
986 1233 1026 1274 ex
1060 1233 1121 1274 em.
1149 1207 1256 1274 Paris.
1284 1208 1323 1272 E.

169 1295 281 1382 Mosq.
309 1296 351 1360 A.
381 1294 551 1374 exhibent;
581 1294 748 1360 Porsonus
776 1295 819 1361 ad
841 1297 924 1362 Hec.
954 1323 984 1363 v.
1010 1300 1083 1363 119.
1113 1309 1174 1363 τιαῖ
1199 1293 1239 1363 σι)
1269 1300 1324 1361 Τε-

169 1382 358 1468 λεάταντος,
388 1392 501 1449 contra
528 1407 624 1469 quem
655 1408 715 1472 ego
745 1385 838 1450 attuli
866 1389 1132 1472 Παρθενοπαῖος
1161 1393 1194 1450 et
1211 1384 1324 1450 Ἱαιτο·

169 1477 327 1558 μέδοντος
355 1497 395 1538 ex
423 1473 537 1538 iambis
565 1473 740 1559 Aeschyli,
768 1474 955 1539 Erfurdtius
978 1475 1190 1560 Ἀλφισίβοια
1221 1472 1323 1560 Soph.

168 1561 299 1651 Fragm.
323 1561 367 1627 N.
390 1565 463 1629 785.
493 1562 549 1647 qui
571 1562 635 1628 nisi
656 1563 874 1652 Ἀλφησίβοια
898 1563 1037 1650 scripsit,
1059 1564 1157 1629 tacite
1181 1564 1323 1651 gemina·

168 1653 216 1716 vit
242 1651 408 1738 liquidam.
455 1651 594 1717 Bothius
617 1675 736 1716 nomen
759 1651 933 1718 delendum
956 1662 1083 1731 censet,
1114 1653 1323 1718 Hermannus

168 1740 315 1807 Porsono
337 1762 488 1806 assensus
513 1749 571 1805 est.
597 1740 773 1826 [Martinus
796 1740 904 1810 Lectt.
928 1740 1030 1828 Soph.
1048 1741 1144 1829 Spec.
1166 1743 1209 1806 A.
1229 1742 1322 1807 1832.

146 1830 269 1896 yerba
300 1829 484 1916 transponit
522 1832 670 1912 Φρυγίου
702 1832 879 1915 Τέκμησσα
919 1829 1159 1916 Τελεάταντος.]
1195 1871 1238 1883 -
1272 1830 1323 1894 De

39 1994 42 2000 .
168 1920 282 2007 regulo
305 1919 377 2004 ipso
399 1918 479 1982 nihil
503 1917 591 2004 apud
613 1927 739 1983 veteres
761 1919 898 1983 relatum
912 1920 1102 1986 invenimus.
1141 1918 1324 1985 Teuthran-

168 2017 235 2074 tem
261 2015 382 2072 vocant
410 2007 604 2072 Tecmessae
632 2015 755 2093 patrem
778 2007 901 2074 Malela
926 2033 957 2095 p.
978 2011 1031 2075 42.
1055 2009 1162 2075 Dares
1190 2032 1224 2094 p.
1250 2010 1322 2072 174.

168 2096 289 2184 Dictys
317 2095 360 2160 II.
390 2119 421 2182 p.
444 2098 498 2161 41.
527 2094 582 2160 ubi
609 2095 684 2161 libri
716 2099 845 2162 Teutras
875 2105 908 2162 et
934 2100 1130 2164 Tbeutonder
1156 2096 1323 2183 praebent,

168 2185 377 2251 Tethrantem
401 2182 569 2250 Oedrenus
593 2185 631 2249 T.
655 2185 681 2250 Ι.
709 2208 743 2271 p.
768 2188 841 2251 127.
864 2187 1080 2253 Teuthantem
1102 2186 1214 2252 Tzetz.
1237 2182 1322 2250 cuit.

168 2273 228 2342 ΠΙ.
253 2278 304 2340 76.
334 2273 560 2340 Teleutantem
588 2271 698 2338 Schol.
729 2274 766 2338 Il.
791 2275 817 2342 I.
845 2276 917 2343 138.
969 2277 1128 2342 Diversus
1160 2283 1211 2341 est
1237 2274 1324 2340 Teu·

15 2387 22 2393 ’
120 2414 124 2417 »
167 2363 258 2430 thras
281 2364 412 2450 Mysus,
434 2385 531 2447 quem
553 2362 802 2429 Vauvilliersius
826 2364 884 2428 hic.
902 2364 1054 2430 inculcat.
1099 2363 1160 2429 En.
1183 2364 1242 2428 Pa.

63 2524 64 2527 ,
257 2452 299 2518 V.
322 2455 396 2518 211.
451 2451 532 2516 Ἐτιεὶ
561 2454 595 2516 σὲ
625 2453 719 2537 λέχος
747 2451 968 2539 δουριάλωτσν
996 2493 1038 2503 --
1067 2453 1168 2518 Hunc
1195 2462 1323 2536 etseq.

40 2620 44 2623 μ
88 2580 92 2585 ·
167 2563 298 2608 versum
325 2541 450 2627 profert
477 2537 595 2606 Suidas
625 2563 651 2605 s.
677 2541 805 2625 Ἀνέχει.
856 2541 922 2606 Pro
953 2547 1020 2608 λτιεί
1051 2566 1087 2609 σο
1116 2542 1234 2628 scripsi
1256 2547 1324 2606 λαοὶ

113 2651 156 2697 160
169 2634 214 2709 σέ,
239 2640 346 2696 erecto
369 2629 571 2716 pronomine,
596 2630 648 2693 cui
671 2631 859 2714 appositum
880 2629 1009 2696 videtur
1033 2634 1124 2717 λέχος
1148 2628 1326 2717 δονριάλω-

168 2743 237 2802 τον,
259 2742 443 2806 quanquam
466 2719 528 2783 hoc
552 2718 648 2783 etiam
672 2740 746 2783 cum
767 2717 902 2804 στέρξας
917 2721 1070 2808 conjungi
1085 2728 1206 2806 potest.
1246 2725 1327 2785 Δον-

34 2846 38 2850 ,
168 2805 331 2893 preliator
358 2807 543 2873 Brunclrius
573 2807 704 2895 scripsit
731 2830 792 2894 pro
817 2807 1034 2892 δοριάλωτον,
1066 2807 1153 2893 quod
1175 2831 1228 2895 ap.
1254 2806 1326 2874 Sui·

168 2896 243 2981 dan,
265 2898 488 2963 Philemonem
518 2920 550 2983 p.
574 2898 648 2961 255.
679 2905 712 2961 et
739 2895 772 2961 in
793 2897 959 2983 plerisque
984 2897 1079 2963 codd.
1101 2897 1239 2984 legitur3
1272 2899 1326 2962 δο-

168 2983 337 3072 ρνάλωτον
366 2986 506 3051 Phavor.
542 3008 567 3051 s.
597 2985 716 3070 Ἀνέχοι
750 2993 783 3050 et
811 2985 922 3071 Mosq.
952 2986 990 3050 B.
1027 3009 1128 3071 eaque
1163 2995 1215 3050 est
1241 2986 1326 3050 inter

168 3082 336 3158 utramque
364 3075 558 3161 scripturam
581 3073 731 3139 codicum
753 3073 938 3158 fluctuatio,
961 3084 998 3140 ut
1020 3074 1263 3162 Wesselingius
1286 3073 1326 3139 ad

167 3161 267 3228 Diod.
297 3163 377 3228 XII.
413 3186 440 3228 c.
464 3164 515 3229 83.
546 3187 578 3249 p.
600 3163 675 3228 538.
706 3171 739 3228 et
767 3163 863 3229 XVI.
889 3166 942 3230 20.
970 3188 1002 3251 p.
1028 3167 1080 3230 97.
1115 3161 1325 3250 δοροάλωτος

169 3249 304 3332 [Liban.
338 3251 378 3315 Τ.
413 3251 439 3316 Ι.
473 3276 505 3338 p.
533 3253 628 3336 393]
668 3252 744 3338 plus
778 3253 980 3319 auctoritatis
1020 3252 1139 3318 habere
1174 3251 1323 3334 affirmet,

168 3335 496 3426 Schweighaeuserus
531 3339 573 3405 ad
605 3341 748 3426 Appian.
784 3341 823 3407 T.
852 3341 912 3406 III.
946 3366 979 3429 p.
1005 3345 1077 3408 159.
1113 3341 1323 3406 contrarium.

167 3426 336 3493 Beklrerus
351 3429 521 3495 Demosth.
546 3453 578 3515 p.
597 3431 671 3512 289,
696 3433 726 3494 7.
750 3430 852 3495 Isocr.
868 3431 992 3519 Paneg.
1009 3432 1062 3514 78,
1088 3433 1160 3495 177.
1184 3429 1322 3495 Archid.

171 3517 243 3597 119,
268 3519 297 3580 9.
320 3516 404 3582 Plat.
430 3519 505 3602 300,
530 3521 579 3584 18.
632 3518 745 3584 Antid.
772 3519 846 3596 374,
873 3521 945 3587 122.
975 3518 1176 3603 δοριάλωτον
1203 3520 1324 3606 partim

167 3604 317 3687 restituit,
339 3607 459 3692 partim
482 3608 524 3673 ob
548 3629 727 3693 paucorum
751 3607 847 3672 codd.
871 3608 1106 3674 dissensionem
1129 3631 1196 3672 non
1219 3617 1324 3673 muta-

167 3694 230 3775 vit,
257 3701 383 3758 retenta
410 3707 519 3761 tamen
548 3697 650 3762 altera
677 3697 781 3762 forma
810 3697 930 3763 Aesch.
960 3698 1049 3763 Fals.
1079 3697 1160 3783 Lag.
1186 3698 1241 3775 32,
1271 3699 1324 3764 33.

167 3783 229 3848 etsi
251 3781 316 3846 duc
341 3783 435 3848 codd.
461 3784 667 3872 δοριάλωτονΙ
685 3784 858 3872 praebent,
881 3785 969 3871 quod
990 3785 1137 3873 plerique
1160 3785 1324 3852 editorum

165 3871 213 3936 illi
242 3872 403 3956 praeferre
432 3874 536 3939 solent
562 3899 593 3940 v.
617 3873 741 3939 Herod.
765 3874 858 3939 VIII.
889 3877 941 3942 74.
971 3874 1034 3939 IX.
1059 3877 1089 3939 4.
1113 3874 1236 3941 Athen.
1262 3875 1323 3941 VI.

167 3960 241 4025 273.
270 3959 309 4024 Ε.
345 3961 554 4046 similiterque
588 3960 785 4044 δοράκτητος
817 3963 1012 4049 expulerunt
1045 3962 1161 4049 Polyb.
1189 3964 1324 4034 XVIII.

167 4051 218 4114 34.
243 4047 329 4113 Plut.
352 4048 395 4115 V.
419 4048 514 4116 Rom.
535 4051 668 4116 XXVI.
692 4051 828 4139 Dionys.
856 4051 1004 4138 [Antiqq.
1020 4052 1081 4119 IV.
1106 4054 1157 4117 24.
1181 4077 1213 4139 p.
1232 4054 1324 4141 696]

164 4136 268 4205 Exco.
297 4161 329 4224 p.
355 4139 451 4204 2356.
481 4139 519 4204 T.
543 4139 603 4205 IV.
634 4140 771 4226 Dionys.
801 4140 929 4229 Perieg.
957 4143 1051 4207 1050.
1080 4141 1229 4209 Maneth.
1259 4142 1324 4212 III.

167 4227 241 4292 258.
264 4225 430 4314 Lycophr.
463 4229 515 4311 93.
547 4236 580 4292 et
614 4231 708 4294 1116.
737 4236 774 4294 ut
802 4238 835 4295 et
864 4227 1047 4316 δοράτιονος
1075 4230 1197 4297 Aesch.
1229 4229 1325 4319 Sept.

169 4315 240 4379 154.
266 4327 299 4380 et
321 4317 525 4403 δοράληνττος
548 4317 701 4383 Philostr.
719 4318 851 4383 Heroic.
875 4343 908 4405 p.
925 4322 999 4386 747.
1024 4314 1224 4410 δοράκτητος
1246 4323 1326 4387 hae-

166 4410 217 4465 ret
245 4402 352 4471 adhuc
382 4403 493 4487 Quirit.
526 4403 595 4474 Cal.
624 4406 666 4475 V.
693 4409 766 4475 160.
794 4407 896 4474 Anth.
925 4407 996 4476 Pal.
1019 4408 1061 4474 V.
1092 4433 1124 4478 u.
1148 4410 1223 4476 230.
1250 4408 1325 4497 Op-
