2850 4956
206 345 241 401 38
400 329 402 333 ’
653 338 919 390 Σουοκκαονε

657 516 917 566 ΤΕΚΜΗΣΣΑ.

208 602 273 667 930
364 594 502 665 Τοιόνὸε
525 602 639 680 μέντοι
662 591 770 676 Ζηνὸς
792 595 813 677 ἡ
837 591 927 679 δεινὴ
950 595 1031 676 θεὸς

359 696 501 779 Παλλὰς
524 697 654 790 φυτεύει
676 699 757 784 πῆμ’
782 699 954 777 Ὀδυσσέως
972 698 1080 788 χοίριυ.

218 800 222 808 ’
713 834 858 884 πονου.

254 924 378 1000 dmm.
396 921 434 998 μ’.
452 904 505 978 Ἠ
524 915 568 998 ῥα
590 899 932 1001 κελαινώπανθυμόν
955 917 1120 1006 ἐφυβρίζει

455 1015 620 1095 πολύτλας
642 1015 737 1106 ἀνὴρ,

456 1123 537 1206 γελᾷ
560 1124 593 1186 ’δὲ
616 1125 722 1200 τοῖςὸε
745 1127 957 1208 μαινομένοις
979 1117 1091 1210 ι’ίχεσνν

213 1229 277 1293 935
458 1222 563 1291 πολύν
585 1229 718 1309 γέλωτα,
741 1229 814 1315 φεῦ,
837 1228 908 1310 φεῦ,

458 1327 516 1410 ξύν
538 1354 572 1396 τε
595 1332 707 1397 διπλοῖ
726 1332 868 1414 βασιλῆς
890 1328 1042 1410 κλύοντες
1062 1332 1182 1418 Ἀτρεῖ-

817 1438 882 1501 ὃαι.

670 1561 920 1618 ΤΕΚΜΗΣΣΑ.

369 1640 432 1707 0ίό
438 1638 445 1661 ’
466 1632 525 1707 οὖν
547 1639 715 1726 γελώντων
737 1640 1002 1730 κάπιχαιρόντων
1024 1651 1137 1720 κακοῖς

366 1755 435 1823 τοῖς
458 1747 539 1812 τοῦδ
545 1745 571 1785 ”
594 1745 671 1824 ἴσως
694 1771 753 1825 τοι,
775 1730 823 1813 λεί
844 1749 1011 1832 βλέποντα
1034 1744 1080 1832 μη
1109 1744 1258 1827 ’πύθουν,

366 1847 510 1916 θανόντ’
531 1843 574 1917 οίυ
598 1847 770 1935 ολμυίξειαν
794 1856 829 1917 ἐν
849 1854 948 1939 χρείη
971 1848 1077 1940 δορός.

367 1960 398 2022 οί
420 1952 485 2042 χοίρ
508 1959 602 2021 κακοὶ
624 1952 785 2039 γνώμαισι
807 1950 966 2040 τοίχαθὸυ
985 1965 1097 2043 χεροῖν

368 2061 494 2145 ἔχοντες
516 2057 575 2125 οὐκ
597 2057 697 2142 ίσασι,
719 2062 798 2147 πρίν
820 2085 868 2137 τις
891 2056 1021 2152 ίκβοίλη.

369 2167 442 2248 ἐμοὶ
465 2161 579 2248 πικρὸς
601 2167 763 2244 τέθνηκεν
786 2158 809 2244 η’
830 2167 948 2241 κείνοις
969 2160 1094 2247 γλυκύς,

369 2266 460 2353 αύτῷ
483 2270 516 2335 δὲ
539 2266 694 2356 τερπνός·
719 2259 764 2334 ὧν
786 2264 849 2356 χολρ
873 2266 1012 2355 ίχροίσθη
1035 2278 1153 2354 τυχεῖν,

368 2369 530 2455 ἐκτήσαθ’
551 2370 651 2455 αύτῷ,
675 2367 842 2455 θάνατον,
865 2367 965 2460 ὅνπερ
988 2367 1122 2451 ἤθελεν.

369 2464 438 2553 πῶς
461 2476 546 2556 δῆτα
568 2472 664 2541 τοῦδ’
684 2477 880 2560 ὲπεχχελῷεν
903 2471 945 2540 τίν
968 2473 1069 2558 κοίτας

370 2583 467 2656 θεοῖς
489 2582 651 2660 τέθνηκεν
676 2569 780 2656 οὗτος,
804 2577 844 2643 οὐ
865 2583 1028 2660 κείνοισιν,
1052 2574 1100 2648 ού.

369 2681 452 2768 πρὸς
475 2683 565 2749 ταῦτ’
589 2680 755 2761 Ὀδυσσεύς
777 2691 812 2750 ἐν
833 2691 939 2760 κενοῖς
961 2681 1125 2769 ὑβριζέτα.

365 2787 452 2866 Λίας
473 2784 537 2875 χοίρ
562 2788 674 2866 αὐτοῖς
698 2785 801 2855 οὐκέτ’
822 2791 926 2854 ἐστίν·
951 2786 1022 2854 ἀλλ’
1043 2793 1116 2876 ἐμοὶ

371 2887 473 2959 λιπυλν
495 2892 596 2971 σἰνίας
613 2896 669 2959 καὶ
691 2891 789 2975 γόους
812 2895 978 2979 διοίχεται.

700 3027 751 3075 ΤΕ
760 3026 905 3077 ΤΚΡΟΣ.

550 3104 602 3173 Ἰώ
624 3109 683 3192 μοί
708 3133 775 3192 μοι.

670 3207 675 3210 ’
726 3233 870 3284 ΧοΡοΣ.

375 3311 543 3395 Σίχησον·
568 3308 673 3395 αύὸηυ
695 3313 758 3401 χοίρ
783 3318 868 3382 δοκῶ
896 3312 1040 3401 Τεύκρου
1063 3313 1170 3382 κλύειν
1203 3398 1207 3405 ⁵

372 3417 519 3498 βοῶντος
542 3413 624 3500 ὀίτης
645 3419 740 3501 τῆςδ’
760 3423 939 3487 ἐπίσκοπον
960 3424 1067 3507 μέλος.

702 3546 753 3594 ΤΕ
762 3544 904 3596 ΤΚΡΟΣ.

370 3611 410 3685 Ὠ
433 3622 565 3711 φίλτατ’
587 3621 679 3703 Ᾰίας,
702 3615 727 3689 ὦ
749 3617 909 3710 ξύναιμον
933 3621 1011 3709 ὄμμ’
1032 3627 1114 3710 ἐμοὶ,

375 3714 429 3808 ἆρ’
447 3722 652 3809 η’μπόληκας,
676 3722 779 3812 ὥςπερ
802 3725 824 3807 ἡ
848 3723 948 3816 φοίτις
970 3737 1099 3813 κρατεῖς

261 3888 267 3895 .
726 3853 873 3903 ΧΟΡΟΣ.

224 3930 287 3993 955
368 3924 511 3997 Ὀλιολευ
539 3927 638 4021 ’ἀνὴρ
669 3936 796 4020 Τεῦκρε,
819 3932 908 3999 τοῦτ’
928 3936 1097 3999 ἐπίστασο.

657 4089 660 4095 -
701 4060 752 4108 ΤΕ
762 4059 902 4111 ΤΚΡΟΣ.

370 4133 411 4204 Ὦ
434 4165 492 4224 μοι
513 4143 652 4226 βαρείας
675 4133 741 4229 ἆρα
764 4143 824 4222 τῆς
847 4143 927 4226 ἐμῆς
949 4138 1055 4228 τύχης.

531 4295 532 4300 ’
608 4282 609 4285 ’
728 4269 872 4320 ΧΟΡΟΣ.
972 4270 974 4272 ’

371 4346 428 4428 Ὡς
450 4338 510 4416 ὧδ’
530 4345 671 4436 ἐχόντων
696 4389 736 4402 -
