2850 4956
415 350 519 399 ΑΙΑΣ
532 350 831 401 ΜΑΣΠΓΘΦΟΡΟΣ.

190 498 252 588 ἐγῶ
275 506 295 568 δ
302 501 308 523 '
330 505 509 588 ἐλευθέρου
531 505 590 589 μὲν
613 501 730 593 ἐξέφυν
752 502 887 591 πατρὸς,

60 622 76 653 ’-
191 608 279 692 ε’ίπερ
300 604 401 690 τινὸς,
424 610 609 684 σθίνοντος
631 613 667 672 ἐν
688 606 827 692 πλούτῳ,
854 611 1010 696 Φρυγῶν·

189 715 250 777 νῦν
272 710 308 776 δ’
330 715 394 795 εὶμί
418 708 533 793 δούλη·
557 714 654 788 θεοῖς
676 707 740 794 γάρ
764 705 931 793 ὧδ’ἐδοξέ
952 737 1026 793 που,

191 819 246 881 καὶ
269 818 310 907 σῇ
331 815 477 899 μάλιστα
497 819 595 902 χειρί·
619 819 809 900 τοιγαροῦν,
833 820 900 882 ἐπεὶ

190 914 228 986 τό
252 913 313 984 σάν
336 922 428 1004 λέχος
451 918 630 1000 ξυνῆλθον,
655 911 690 986 εὖ
713 923 828 1005 φρονῶ
851 916 893 985 τά
916 916 970 1004 σὰ,

190 1027 246 1090 καί
269 1023 299 1089 σ’
320 1021 463 1104 ἀντιάζω
486 1021 575 1112 πρός
592 1023 621 1090 τ’
643 1027 797 1115 ἐρεστίου
819 1021 895 1103 Διὸς

191 1128 286 1209 εῶνῆς
308 1153 342 1194 τε
365 1132 424 1208 τῆς
447 1132 516 1210 σῆς,
539 1120 579 1209 ῆς
602 1127 839 1214 συνηλλάχθης
863 1133 945 1212 ἐμοὶ,

168 1231 235 1318 ’μῆ
258 1232 292 1316 μ’
312 1230 452 1322 ἀξιώσῃς
473 1230 572 1314 βάξιν
595 1231 751 1318 ἀλγεινὴν
774 1236 890 1316 λαβεῖν
962 1239 964 1244 ’

192 1340 257 1402 τῶν
280 1339 347 1402 σῶν
368 1334 423 1402 ἀπ’
444 1339 584 1425 ἐχθρῶν,
604 1341 732 1426 χοιρίον
755 1336 853 1429 ἀφεὶς
875 1340 947 1403 τινί.

188 1436 231 1524 ῆν
253 1436 317 1527 γάρ
342 1439 451 1532 θοίνης
475 1436 514 1507 οὐ
537 1445 593 1506 καὶ
616 1438 810 1520 τελευτήσας
833 1439 931 1533 ἀφῇς,
1032 1503 1033 1507 ,

99 1585 101 1589 ·
190 1542 291 1636 ταύτῃ
313 1542 423 1631 νόμιζε
447 1544 530 1631 κάμὲ
553 1549 592 1630 τῆ
615 1543 695 1611 τόθ’
715 1544 825 1631 ἡμέρα

189 1652 249 1733 βίᾳ
272 1647 569 1732 ξυναρπαοθεῖσαν
590 1647 741 1736 Ἀργείων
763 1644 828 1725 ἀπο

190 1750 247 1832 §vv
269 1755 362 1818 παιδὶ
386 1757 432 1836 τῷ
456 1757 503 1836 σῷ
527 1755 664 1819 δουλίαν
688 1749 769 1830 ἐξειν
791 1751 930 1841 τροφήν.

188 1862 244 1923 καί
265 1883 313 1936 τις
336 1852 453 1944 πικρδν
475 1854 702 1947 πρόςφθεγμα
727 1857 894 1922 δεσποτῶν
917 1862 991 1943 ἐρεῖ,

190 1959 301 2045 λόγοις
323 1959 459 2038 ίοίπτων,
483 1959 566 2026 ’ίδετε
588 1955 650 2042 τῆν
674 1959 841 2044 ὁμευνέτιν

191 2069 345 2144 Αίαντος,
373 2062 409 2142 ὃς
431 2070 586 2150 μέγιστον
608 2063 718 2150 ίσχυσε
742 2067 897 2150 στρατοῦ,

191 2177 264 2248 οἵας
287 2174 440 2256 λατρείας
463 2168 547 2234 ἀνθ’
568 2166 650 2234 ὅσον
673 2166 772 2249 ζήλου
794 2172 927 2258 τρέφειί

189 2273 316 2342 τοιαῦτ’
351 2283 417 2361 ἐρεῖ
440 2296 503 2351 τις·
527 2272 609 2357 κάμέ
632 2275 692 2356 μὲν
716 2275 845 2357 δαίμων
867 2275 928 2358 ἐλῶ

191 2387 243 2448 σοὶ
267 2383 287 2445 δ
295 2380 301 2399 '
322 2373 441 2465 αίσχρά
466 2373 557 2458 τάπη
580 2381 685 2443 ταῦτα
709 2381 764 2443 καὶ
788 2380 834 2460 τῷ
857 2382 905 2462 σῷ
928 2383 1021 2458 γένει.

190 2484 263 2550 ἀλλ’
283 2483 413 2550 αίδεσαι
434 2486 493 2568 μὲν
516 2487 644 2568 πατέρα
668 2482 725 2549 τὸν
750 2479 810 2549 σὸν
833 2488 868 2547 ἐν
891 2485 1017 2568 λυγρῷ,

189 2587 277 2674 γήρᾳ
299 2591 501 2675 προλείπων·
526 2587 655 2652 αἴδεσαι
679 2589 713 2653 δέ
735 2593 862 2674 μητέρα

191 2695 321 2758 πολλῶν
345 2695 425 2756 ἐτῶν
448 2692 639 2777 κληροῦχον,
663 2687 684 2771 ῆ
707 2711 743 2754 σε
767 2686 924 2765 πολλάκις

191 2800 286 2873 θεοῖς
309 2794 434 2885 ἀρῆται
456 2795 562 2874 ζῶντα
585 2790 668 2880 πρὸς
691 2791 813 2876 δόμους
834 2795 958 2878 μολεῖν.

191 2900 325 2982 οίκτειρε
349 2901 370 2964 δ
376 2899 395 2978 ’,
419 2890 516 2977 ὦναξ,
539 2898 644 2962 παῖδα
667 2892 725 2961 τόν
749 2891 817 2976 σὸν,
841 2902 868 2962 εί
890 2901 967 2973 νέοις

191 2994 320 3092 τροφῆς
343 3005 518 3088 στερηθεὶς
541 3005 604 3067 σοῦ
626 3002 785 3067 διοίσεται
807 2996 911 3086 μόνος
1023 3000 1024 3003 ’

191 3105 245 3173 ὑπ’
266 3106 477 3197 ὀρφανιστῶν
499 3103 546 3192 μῆ
571 3109 686 3196 φίλων,
711 3102 793 3172 ὅσον
815 3100 917 3171 κακὸν

192 3215 286 3295 κείνῳ
308 3236 342 3277 τε
365 3210 466 3296 κάμοὶ
489 3210 604 3290 τοῦθ’,
628 3207 711 3276 ὅταν
733 3208 852 3300 θάνης,
875 3201 991 3294 νεμεῖς.

176 3318 265 3398 ’ἐμοὶ
288 3310 352 3403 γάρ
377 3314 435 3381 οὐκ
458 3314 502 3381 ἐτ’
523 3320 612 3382 ἐστὶν
635 3322 679 3392 είς
702 3311 721 3379 ὅ
745 3339 774 3379 τι
797 3316 916 3398 βλέπω,

192 3414 277 3500 πλὴν
300 3422 375 3485 σοῦ·
398 3417 439 3485 σὺ
461 3417 525 3506 γάρ
549 3444 607 3503 μοι
628 3415 765 3504 πατρίδ’
784 3413 934 3504 ᾔστωσας
957 3418 1039 3502 δορὶ,
1100 3433 1101 3437 ’

192 3526 247 3589 καὶ
270 3523 384 3612 μητέρ’
403 3521 488 3604 ἀλλη
510 3533 612 3608 μοῖρα
634 3519 694 3588 τὸν
717 3512 877 3612 φύσαντοί
895 3544 929 3586 τε
982 3606 984 3609 ¹
1020 3604 1021 3607 Ἴ

194 3631 351 3696 καθεῖλεν
371 3625 480 3696 Ἅιδου
502 3630 717 3711 θανασίμους
740 3623 922 3711 οίκῆτορας.

193 3735 242 3809 τίς
265 3732 335 3812 δῆτ’
359 3735 431 3815 ἐμοὶ
454 3729 574 3815 γίνοιτ’
594 3724 638 3795 ἀν
662 3729 735 3795 ἀντὶ
761 3731 822 3795 σοῦ
843 3731 978 3815 πατρίς,·

194 3839 243 3914 τίς
266 3840 425 3919 πλοῦτοςς
448 3842 484 3902 ἐν
506 3839 561 3903 σοὶ
583 3834 666 3900 πῶσ’
685 3836 782 3918 ἐγωγε
806 3830 961 3917 σῶζομαι.

194 3939 267 4006 ἀλλ’
287 3941 355 4026 ίσχε
379 3939 487 4026 κάμοῦ
509 3943 664 4024 μνῆστιν·
689 3935 786 4026 ἀνδρί
808 3962 861 4003 τοι
879 3932 985 4024 χρεῶν
1088 3931 1090 3936 ’

194 4041 328 4130 μνήμην
349 4055 524 4131 προςεῖναι,
548 4039 687 4131 τερπνόν
711 4041 739 4107 εί
759 4044 792 4107 τί
814 4066 878 4107 που
900 4039 1021 4108 ποίθοι.

191 4147 289 4235 χάρις
307 4145 406 4235 χάριν
428 4145 492 4235 γάρ
517 4154 606 4215 ἐστιν
629 4145 649 4228 ἡ
672 4144 818 4213 τίκτουσ’
836 4145 905 4212 ἀεί·

194 4250 273 4320 ὅτου
296 4252 328 4319 δ’
350 4252 488 4342 ἀπορρεῖ
511 4256 650 4339 μνῆστις
674 4242 708 4318 εὖ
732 4247 955 4328 πεπονθότος,

195 4357 255 4426 οὐκ
276 4354 319 4425 ἀν
340 4356 460 4444 γίνοιτ’
480 4355 534 4424 ἔθ’
555 4350 652 4436 οὗτος
675 4350 806 4441 εὐγενὴς
829 4351 942 4442 ἀνήρ,
