2858 4964
178 351 230 407 128
618 349 892 406 COMMENTARIUS

178 505 366 594 Oppianum
388 503 464 570 Hal.
487 504 531 570 II.
555 507 630 572 463.
658 503 816 592 ὑπέρβιον
844 500 948 571 ὁπλον
975 501 1102 588 ἑκάστῳ
1127 500 1330 590 καρτύναςῑ)

176 593 367 680 Euripidem
395 593 468 680 Iph.
499 594 541 658 A.
569 597 640 660 182.
677 598 729 660 ἐπὶ
758 598 930 681 κρηναίαις
960 591 1106 680 δρόσοις,
1137 592 1331 659 Juvenalem

176 683 256 749 XII.
286 685 337 748 90.
369 704 475 748 omnes
503 687 608 750 violae
628 685 764 764 jactabo
796 687 938 765 colores,
971 682 1087 748 lectius
1120 683 1330 767 ornatiusque

176 771 328 857 loquutos
357 793 444 852 esse,
474 794 571 856 quam
599 773 699 860 vulgo
728 771 774 836 fit.
820 771 917 836 Hanc
945 779 1053 836 autem
1080 769 1254 857 figurandi
1268 792 1332 837 ser·

178 861 281 926 monis
304 859 463 926 rationem
485 882 626 944 quonam
648 860 714 926 alio
736 861 865 926 nomine
889 859 1087 946 appellemus
1116 859 1180 925 nisi
1201 859 1255 924 vel
1276 859 1332 945 hy·

176 949 325 1035 pallagae
353 949 404 1013 vel
433 948 675 1035 antistrophae?
709 949 787 1015 Jam
815 946 904 1034 quod
931 948 1062 1033 quidam
1091 969 1126 1013 se
1153 948 1260 1013 vereri
1287 947 1333 1012 di-

179 1046 267 1120 cunt,
290 1060 331 1103 ne
354 1036 527 1103 schematis
549 1046 721 1125 praetextu
741 1039 943 1104 infuscentur
965 1037 1197 1103 reconditiores
1220 1037 1332 1102 harum

178 1126 457 1192 constructionum
479 1127 632 1210 rationes,
655 1127 806 1212 equidem
827 1127 965 1192 multum
987 1125 1066 1191 mihi
1087 1125 1279 1212 gratularer,
1307 1126 1333 1191 si

176 1214 210 1278 in
244 1215 314 1280 istis
344 1214 523 1282 rationibus
558 1216 764 1300 acquiescere
798 1238 938 1302 possem.
995 1213 1062 1282 Sed
1097 1214 1186 1298 quod
1216 1214 1331 1300 Poppo

177 1301 330 1391 Prolegg.
354 1303 458 1369 Thuc.
482 1304 521 1369 T.
538 1305 564 1370 Ι.
591 1306 664 1371 162.
688 1310 733 1389 τῷ
756 1302 883 1384 πλήθει
904 1306 963 1383 τῆς
987 1299 1094 1392 ὄψεως
1115 1302 1155 1367 L.
1179 1303 1241 1370 IV.
1260 1303 1331 1369 126.

179 1391 434 1479 comparandum
463 1415 534 1460 esse
562 1401 656 1480 putat
686 1416 760 1459 cum
783 1392 916 1480 Tragici
943 1400 1057 1478 poetae
1080 1391 1179 1456 verbo
1205 1387 1333 1474 ἄστρων

178 1479 333 1569 εὐφρόνη,
357 1481 491 1567 perinde
513 1505 632 1548 vanum
656 1493 705 1548 est
727 1490 824 1567 atque
840 1481 1043 1568 hypallagae,
1066 1479 1153 1564 quod
1174 1479 1333 1563 exsibilat,

178 1579 410 1650 commentum3
434 1569 471 1637 τὸ
495 1574 632 1650 πλῆθος
655 1573 713 1652 τῆς
737 1568 846 1660 όηιεως
869 1579 918 1636 est
940 1568 1120 1655 amplitudo
1143 1569 1332 1655 spectaculi,

177 1659 266 1743 quod
288 1661 434 1726 conferta
456 1661 543 1726 acies
566 1659 714 1725 hostibus
737 1658 924 1746 praebebat.
962 1658 1090 1724 Rursus
1107 1658 1171 1724 hoc
1188 1654 1333 1749 εὐφρόνη

176 1746 308 1831 ἄστρων
330 1748 491 1815 Matthiae
515 1749 557 1814 ad
579 1749 725 1814 Phoenn.
749 1751 822 1814 660.
855 1749 932 1814 satis
956 1769 1027 1813 esse
1050 1755 1144 1833 putat
1166 1746 1210 1812 ad
1233 1745 1335 1832 expli-

177 1837 317 1903 candum
347 1834 476 1920 ὁράκων
504 1836 630 1921 νάματ’
659 1841 776 1922 ἔνυδρα
805 1833 995 1921 δεργμάτων
1025 1835 1176 1920 κόραισιν
1205 1841 1335 1901 ἐπισκο-

121 1939 164 1987 1tt
176 1930 264 2008 πῶν,
293 1946 374 2009 quae
406 1926 582 1993 similitudo
612 1927 676 1992 nisi
705 1927 888 1992 accuratius
912 1924 1098 2002 definiatur,
1126 1923 1215 1989 haud
1236 1923 1336 2011 longe

170 2014 280 2080 'aberit
308 2013 387 2097 quin
414 2016 537 2080 tirones
566 2039 627 2100 pro
656 2018 828 2103 παρθένος
858 2013 1043 2098 εὐάρματος
1065 2012 1131 2078 dici
1176 2035 1252 2079 osse
1276 2036 1336 2100 pu·
1413 2015 1415 2019 ’

176 2110 246 2167 tent
274 2103 447 2183 παρθένος
476 2101 649 2187 ὀμμάτων,
677 2102 885 2257 ὃοόΠεαεηαο
909 2104 1115 2188 antiquorum
1138 2036 1337 2168 (irammati-

177 2211 290 2256 corum
312 2190 474 2276 fugientes
496 2191 642 2257 incidant
663 2193 696 2257 in
742 2192 903 2279 harybdin
923 2192 1149 2258 recentiorum.
1176 2228 1218 2238 -
1240 2185 1345 2272 Ἄτην

178 2276 339 2386 οὐρανίαν
362 2284 492 2389 φλέγων
514 2278 625 2347 Schol.
647 2281 682 2346 in
704 2281 821 2347 Parall.
845 2290 935 2385 recte
958 2281 1121 2367 explicare
1143 2279 1276 2382 videtur
1294 2287 1348 2357 εὶς-
1366 2315 1381 2323 ·

177 2390 333 2455 ονρανιον
354 2368 442 2452 ὐψος
465 2367 621 2435 ἀνάπτων
645 2367 705 2450 τὴν
726 2370 870 2454 βλάβην,
892 2369 927 2434 1d
942 2378 1000 2452 est,
1023 2364 1084 2450 τὴν
1100 2392 1205 2448 κακην
1221 2365 1345 2459 φάτιν.
1426 2430 1427 2433 ,

240 2512 242 2514 .
263 2455 306 2521 V.
332 2458 405 2524 197.
436 2459 509 2523 198.
551 2456 703 2543 Ἐχθριῖιν
730 2457 764 2523 δ’
785 2456 879 2544 ὕβρις
902 2450 962 2523 ὧδ’
990 2455 1165 2540 ἀτάρβητον
1189 2456 1348 2542 ὁρμᾶται

176 2581 218 2595 -—
247 2540 366 2612 Suidas
384 2569 421 2613 s.
449 2543 651 2655 ζότάρβητος
679 2555 711 2613 et
739 2547 884 2614 Zonaras
914 2547 952 2612 Τ.
975 2546 1002 2611 Ι.
1033 2547 1107 2612 338.
1137 2543 1342 2650 ἀταρβήτως

61 2639 63 2645 ’
175 2631 273 2720 ὁρμᾷ,
296 2636 418 2702 omisso
441 2634 501 2700 ωὸ’
523 2673 565 2684 -
588 2635 691 2700 Paris.
707 2636 751 2701 D.
773 2633 948 2720 ἀτάρβητον
965 2660 1013 2722 γρ.
1031 2631 1229 2718 ἀτάρβητος.
1265 2635 1344 2699 Ah-

175 2730 256 2806 quot
286 2723 382 2791 codd.
413 2733 446 2790 et
472 2723 559 2789 Edd.
587 2733 665 2791 vett.
690 2721 864 2812 ἀτάρβητον
889 2725 1044 2811 ὁρμᾶται,
1074 2721 1133 2789 sed
1154 2721 1234 2787 Ald.
1262 2745 1335 2790 cum

173 2808 234 2879 La.
264 2813 298 2876 Γ
296 2856 303 2876 .
332 2813 426 2879 Harl.
461 2812 554 2879 Ricc.
590 2821 622 2878 et
651 2813 816 2900 plerisque
850 2813 921 2878 aliis
954 2809 1092 2896 ὁρμᾶτ’,
1127 2834 1271 2896 sequeus
1302 2819 1335 2877 ἐν

174 2899 412 2986 omittit-Ven.‚
435 2902 643 2968 Hermannus
666 2899 856 2987 ἀτάρβητος
879 2900 980 2986 ὁρμᾷ,
1002 2899 1153 2966 Dindorf.
1184 2899 1331 2987 ἀτάρβη-

174 3011 231 3064 τος
254 2988 408 3076 ὁρμᾶται.
454 2988 607 3056 Ceterum
629 2990 864 3078 adjectivorum
887 2991 984 3076 hujus
1005 2989 1133 3077 generis
1147 2988 1182 3052 in
1198 3012 1331 3054 numero

173 3075 292 3160 plurali
316 3080 463 3165 exempla
486 3079 667 3145 abundant:
699 3079 865 3160 ὑπέροπτα
888 3075 1060 3165 πορεύεται
1084 3075 1168 3144 Oed.
1195 3075 1234 3143 (l.
1259 3079 1331 3144 883.
1364 3130 1366 3135 .
1412 3108 1424 3115 ⁷

174 3160 363 3252 ἀτέκμαρτα
391 3170 498 3250 βαίνει
526 3167 622 3234 Pind.
655 3165 708 3234 Ol.
733 3168 809 3236 VH.
833 3169 885 3235 83.
916 3167 987 3258 citu’
1012 3166 1153 3260 ἀφορμᾴ
1182 3163 1269 3232 Oed.
1295 3164 1329 3232 0.

177 3251 271 3317 1469.
294 3261 331 3319 ut
352 3255 562 3322 Hermannus
585 3256 687 3323 edidit
708 3280 769 3345 pro
794 3253 888 3323 ἀλιον
912 3256 1007 3321 metri
1030 3277 1143 3332 causa,
1173 3249 1327 3342 ἀκρανι9’

174 3337 373 3428 ὡρμήσαμεν
403 3344 525 3411 Bacch.
546 3346 621 3411 435.
656 3344 867 3431 κατάμεμπτ’
898 3347 1017 3428 ἕβητσν
1046 3342 1130 3410 Oed.
1162 3340 1202 3413 C.
1237 3346 1332 3410 1696.

174 3424 288 3508 εὐνήν-ια
309 3434 517 3519 προποδίζων
539 3434 672 3502 Heliod.
695 3435 756 3501 Ill.
781 3435 811 3500 3.
838 3437 911 3500 111.
925 3437 952 3513 ²)

174 3568 375 3582 —--.—-.

248 3622 270 3687 ¹)
289 3607 457 3681 Att‘similem
474 3632 560 3683 locum
573 3633 699 3698 Lycophr.
714 3633 774 3684 205.
794 3623 913 3703 στεῤῥάν
931 3625 1124 3682 ὁνοπλίσουσιν
1135 3622 1250 3683 ὠλέναις
1262 3624 1334 3681 πλά-

173 3711 234 3760 την,
253 3697 409 3753 scholiastes
427 3694 626 3773 ἀντιστρόφως,
646 3706 737 3769 inquit,
756 3697 822 3754 ἀντὶ
838 3703 889 3754 τοῦ
907 3694 957 3755 τάε
973 3705 1063 3772 χεῖρας
1080 3694 1285 3756 vass-atavae.

246 3781 272 3848 ²)
293 3787 426 3850 Quaeriter
448 3808 511 3842 num
533 3792 658 3856 adjectivo
680 3794 766 3843 locum
784 3793 985 3844 demonstrantia
1003 3792 1094 3842 eodem
1112 3791 1191 3840 modo
1209 3805 1335 3856 usurpen-

172 3864 225 3920 τινες
248 3859 276 3909 in
294 3861 379 3935 Anon.
404 3861 474 3913 stac.
492 3865 528 3912 M.
548 3865 583 3914 M.
603 3881 629 3930 p.
642 3863 703 3915 438.
723 3865 753 3915 Τ.
772 3866 805 3916 Π.
831 3865 870 3915 ad.
892 3864 956 3915 Gail.
981 3852 1035 3927 τὴν
1058 3861 1145 3925 νῆσον
1169 3860 1241 3924 ἔχων
1260 3854 1333 3919 datori

171 3921 302 4054 ιῦαέἐγγῆ,
322 3933 404 4053 §acilia
417 3936 604 4053 (pstporreotio
625 3929 726 4018 δεξιάν,
745 3938 825 4056 εεὸδι
837 3937 1122 4018 suspicioneremotum
1133 3933 1334 4052 EpilgrkAdesp.

171 4087 218 4155 ιμν
241 4041 316 4133 datad
340 4000 618 4147 ὐτῗόνροῖεῗνξατόέφηΙ.
640 4009 864 4143 16188οάόάιύἀῖὐύ
881 4005 1334 4146 Εὐάἀαγῗύἀύὁε.138(ὐεζεεὶίζόὶῗόύτ

170 4135 301 4216 ἀριστερὰ
318 4142 485 4218 κεκληγῶτας
504 4149 592 4212 Quint
613 4149 668 4202 Cal.
686 4151 733 4200 XI.
748 4149 808 4200 307.
828 4149 942 4212 (intonuit
960 4146 1063 4209 laevam)
1082 4149 1151 4214 quod
1170 4149 1260 4210 quaeri
1278 4157 1336 4212 pot-

171 4224 211 4267 εει
227 4225 312 4270 utrum
329 4221 412 4271 valam
429 4237 476 4286 pro
494 4221 541 4271 ἐπὶ
552 4211 636 4284 δεξιὰ,
654 4213 705 4271 ὁπ’
720 4214 859 4292 ἀριστερά,
877 4238 911 4272 un
929 4221 1047 4286 adjectivi
1066 4221 1150 4271 locum
1163 4219 1288 4282 obtineat,
1308 4227 1337 4270 nt

171 4282 198 4336 οἱ
220 4279 297 4359 ἀέρια
318 4287 477 4361 ῥοιζοᾶντετ
498 4284 585 4363 όρνειε
607 4293 713 4345 Lucian.
737 4295 840 4345 Amorr.
864 4290 886 4355 ξ.
907 4293 950 4344 22.
974 4284 1129 4341 ὑπασπίδια
1152 4284 1337 4359 προποδίζων

171 4351 372 4496 1915οω.ᾱἘὲἷωρ
394 4357 486 4434 lippia
507 4357 656 4435 τνρόμτννε
678 4366 764 4431 Epigr.
788 4367 886 4430 Adeap.
906 4362 1123 4417 CCCLXXXIX.
1148 4356 1185 4424 [v.
1209 4377 1292 4428 supra
1309 4377 1337 4428 p.

209 4465 215 4482 ·
234 4443 249 4485 θ
268 4467 273 4480 ·
312 4470 319 4484 .
