2858 4964
438 331 485 387 AD
505 333 602 389 SOPH.
622 333 666 391 AI.
704 339 735 394 V.
749 339 862 395 59-65.
1149 364 1151 375 ·
1197 348 1230 402 87

70 493 147 558 dam
170 491 240 579 spei
263 497 432 576 metusque
455 490 712 560 vicissitudinem
734 497 871 582 tolleret,
895 521 978 584 quae
1002 499 1111 567 dedita
1134 507 1234 590 opera

69 606 128 668 per
156 589 260 647 totam
291 581 359 645 fere
387 580 530 646 fabulam
554 583 772 668 continuatur,
796 586 911 653 deinde
935 612 976 654 ne
1000 590 1162 656 crudelior
1185 594 1231 657 vi-

70 671 204 736 deretur
225 669 324 737 Ulixe
348 671 428 755 ipso.
475 670 553 735 Huc
577 672 706 738 accedit
727 674 900 741 verborum
922 678 1101 744 insolentia.
1150 678 1232 762 Quis

67 782 215 845 unquam
244 759 323 846 legit
353 756 533 841 εὶςβοέλλεον
561 759 634 825 τινοὶ
665 769 708 839 εἰς
733 762 901 847 ἘριννύνῩ
929 767 981 832 vel
1012 767 1115 833 simile
1139 769 1232 853 quid-

68 849 163 943 dam,
194 854 237 925 εὶς
254 842 367 933 ’Ἀρην,
397 853 441 924 εἰς
465 847 686 936 ἈφροδίτηνῩ
716 851 843 918 Teucer
869 853 953 918 infra
975 881 1005 920 v.
1033 858 1127 922 1034.
1152 856 1231 923 dicit

68 937 227 1026 gladium,
251 960 317 1021 quo
337 936 424 1023 Ajax
448 958 482 1001 se
506 939 653 1024 peremit,
677 949 733 1005 eut
748 941 892 1024 Furiam,
915 951 971 1008 aut
987 943 1112 1010 Orcum
1135 946 1231 1011 fabri-

68 1049 163 1092 casse
192 1025 314 1108 videri,
343 1025 494 1090 nimirum
523 1026 598 1110 quia
626 1028 707 1094 haee
737 1031 868 1096 nomina
890 1030 977 1096 idem
999 1034 1231 1119 11110111,1ρινί

67 1113 147 1192 νύος
176 1113 316 1198 κλητήρ,
348 1110 432 1198 ᾅδου
461 1110 617 1200 μάγειρος
641 1125 703 1182 eto.
758 1116 840 1200 Quis
868 1143 946 1186 vero
969 1121 1032 1186 hoo
1055 1122 1129 1187 loeo
1152 1123 1234 1188 ferat

68 1205 259 1288 εὶςέβαλλον
288 1209 332 1279 εὶς
361 1198 447 1286 ᾅδην
477 1201 604 1268 xcxiv?
630 1205 721 1293 Ergo
750 1230 812 1273 nec
842 1204 970 1295 ἐριννὺν
993 1207 1113 1292 κακήν,
1144 1211 1232 1294 quod

67 1296 206 1358 fortasse
234 1314 274 1356 ne
298 1288 501 1358 Scholiastee
530 1292 659 1376 quidem
686 1295 838 1383 legerunt
867 1296 927 1362 sed
949 1298 1002 1363 vel
1024 1297 1121 1380 illud,
1144 1298 1233 1383 quod

67 1381 262 1448 Wunderus
285 1380 471 1466 suspicatus
494 1388 555 1464 est,
577 1383 629 1448 vel
653 1390 697 1459 εἰς
720 1387 787 1470 ἔριν
810 1383 926 1470 κακήν,
950 1390 983 1451 in
1003 1398 1144 1470 pugnam
1167 1399 1232 1452 tur-

66 1492 247 1553 pissimam.
435 1550 436 1555 ἵ

157 1559 201 1624 V.
219 1560 271 1626 61.
319 1553 478 1641 Kolnerr’,
508 1555 618 1638 ἐπειδὴ
643 1558 736 1624 τοῦδ’
766 1557 935 1651 ἐλώφησεν
958 1559 1072 1627 πόνου.
1124 1563 1231 1629 Krue·

67 1670 167 1737 gerus
197 1647 239 1712 ad
260 1645 360 1712 Dion.
384 1646 472 1711 Hist.
503 1670 535 1732 p.
557 1648 631 1712 376.
663 1654 772 1713 ἔπειτα
796 1644 922 1732 ἐπειδὴ,
945 1651 1069 1734 inquit,
1092 1672 1155 1717 con
1179 1674 1231 1717 οσ-

68 1742 236 1820 copltonon
271 1740 371 1802 cisum
401 1745 449 1800 est
480 1739 624 1801 Graecis.
679 1737 834 1803 Fortasse
862 1760 903 1802 ne
934 1738 1231 1810 animadverterunt

68 1825 218 1912 quidem3
249 1833 335 1890 certe
360 1825 547 1911 saepissime
571 1824 773 1891 admiserunt
795 1850 862 1892 non
884 1835 1000 1912 poetae
1024 1828 1128 1892 solum
1151 1828 1229 1893 Eur.
1352 1854 1354 1858 ¹

67 1915 202 2001 Sisyph.
225 1914 251 1979 Ι.
277 1916 306 1979 9.
330 1914 432 1979 Arist.
450 1913 552 1998 Vesp.
574 1916 668 1980 1322.
693 1913 799 1982 Rann.
820 1917 893 1982 923.
917 1915 1010 1981 ΕοοΙ.
1028 1917 1101 1980 273.
1126 1915 1231 2003 Phry-

67 2005 185 2070 nichus
219 2003 304 2067 Poll.
331 2001 519 2068 VH.·178.
555 2003 614 2068 sed
649 2004 745 2069 etiam
780 2004 836 2088 qui
870 2027 968 2090 prosa
1002 2005 1147 2069 oratione
1181 2006 1231 2071 usi

68 2102 155 2176 sunt,
172 2092 269 2158 modo
287 2092 405 2156 extrita
419 2092 533 2155 ultima
547 2093 664 2177 prioris
681 2093 831 2158 vocabuli
843 2093 937 2158 litere
947 2093 1119 2158 Demosth.
1136 2095 1231 2177 1375,
1244 2116 1287 2162 105
1362 2088 1364 2093 ⁵
1394 2114 1396 2117 ’

69 2185 120 2248 13.
145 2181 212 2247 Dio
229 2179 320 2247 Cass.
337 2179 541 2246 XXXVIII.
561 2181 613 2246 32.
629 2181 705 2246 XL.
724 2184 776 2247 64.
794 2191 856 2247 eto.
879 2180 976 2247 modo
1000 2182 1113 2247 relicta
1126 2181 1230 2270 Hipp.

67 2271 108 2337 de
123 2271 189 2337 1111.
205 2269 271 2334 Aff.
296 2293 329 2355 p.
345 2270 422 2334 438.
445 2269 484 2332 Τ.
501 2268 544 2333 Π.
569 2268 608 2334 de
624 2269 695 2335 Vis.
713 2295 745 2356 p.
762 2273 815 2336 46.
839 2271 878 2336 Τ.
894 2271 954 2336 ΠΙ.
972 2270 1122 2359 Thucyd.
1135 2271 1230 2336 VHl.

67 2363 119 2425 67.
149 2368 183 2424 01
211 2358 356 2424 similiter
387 2353 436 2422 εἶτ’
471 2356 581 2438 ἐπειδή
607 2358 778 2426 Demosth.
803 2361 884 2442 371,
910 2362 959 2424 19.
989 2359 1126 2446 Dionys.
1158 2360 1230 2424 Art.

62 2472 94 2516 c.
116 2449 182 2513 IX.
200 2451 230 2512 7.
253 2447 389 2512 Lucian.
414 2446 509 2511 Alex.
534 2447 562 2531 ξ.
580 2448 632 2512 27.
657 2448 715 2513 sed
739 2445 808 2513 εἶτα
832 2444 942 2526 ἐπειδή
966 2445 1103 2513 Cronos.
1128 2449 1157 2533 ξ.
1180 2449 1229 2514 12.

67 2538 192 2604 Julian.
210 2534 267 2602 Or.
283 2537 309 2602 I.
328 2537 379 2601 39.
398 2532 438 2600 O.
456 2532 586 2601 τοσόνδ’
605 2532 746 2621 ὅσονπερ
763 2536 885 2601 Aesch.
902 2536 968 2623 Ag.
982 2537 1056 2601 834.
1082 2541 1158 2612 τέως
1174 2543 1231 2614 ἕως

65 2627 171 2693 Arist.
194 2625 272 2690 Pac.
297 2624 546 2692 3200110111.
570 2625 646 2707 721,
670 2628 698 2688 1.
724 2623 826 2701 οὕτως
850 2620 937 2701 ὅπως
959 2624 1017 2706 34,
1041 2625 1069 2688 3.
1094 2625 1229 2689 Aristid.
1349 2639 1355 2655 ·

65 2717 105 2780 Τ.
120 2716 147 2781 Ι.
161 2717 213 2780 47.
230 2736 290 2779 nec
306 2714 411 2780 solum
428 2712 619 2778 correlative
636 2712 694 2778 sed
707 2722 739 2778 et
755 2710 843 2796 ὅμως
856 2710 885 2776 δ’
902 2708 990 2788 ὅπως
1001 2712 1229 2779 Isocr.Antid.

64 2828 97 2890 p.
116 2806 194 2886 386,
213 2805 285 2868 178.
311 2809 368 2879 ἕως
384 2805 457 2866 ἐῶσι
475 2801 554 2867 Eur.
571 2799 630 2868 Or.
648 2803 722 2866 238.
748 2799 808 2884 lyei
833 2802 913 2882 λέγω
934 2799 1019 2864 Plat.
1035 2799 1137 2865 Lech.
1158 2803 1230 2885 191.

64 2894 105 2956 Β.
130 2891 233 2978 Soph.
257 2891 342 2956 Phil.
363 2892 434 2956 107.
460 2881 542 2973 ἦμεν
564 2886 680 2972 ἥμενοι
702 2889 774 2975 Iph.
799 2888 838 2953 Τ.
865 2888 958 2952 1399.
989 2883 1029 2967 ἢν
1052 2884 1133 2971 γυνη
1156 2894 1232 2980 γένη

64 2981 143 3046 Hel.
171 2982 265 3045 1312.
291 2988 353 3045 eto.
381 3001 463 3062 quae
486 2977 651 3065 pertinent
674 2977 716 3042 ad
739 2977 960 3062 quaestionem
983 2974 1023 3041 de
1046 2978 1230 3062 praeceptis

65 3070 261 3156 euphonicis
284 3067 460 3154 postmodo
483 3065 698 3134 tractandam.
716 3065 840 3132 -Pro
864 3063 969 3130 πόνου
992 3064 1087 3129 codd.
1112 3067 1149 3130 Γ.
1171 3064 1230 3131 Le.

63 3159 130 3224 Lb.
156 3166 189 3223 et
210 3159 309 3244 pauci
332 3156 388 3221 alii
404 3179 478 3222 cum
493 3155 578 3220 Edd.
595 3163 672 3221 vett.
691 3148 809 3244 η’όνον,
832 3152 921 3239 quod
936 3153 1121 3220 Brunckius
1137 3177 1231 3240 pree-

63 3248 144 3312 tulit
167 3247 334 3333 proprium
358 3253 390 3311 et
412 3245 546 3332 vulgare
568 3244 694 3309 infinito
718 3254 750 3309 et
772 3243 912 3329 poetico.

156 3335 200 3400 V.
218 3336 269 3400 63.
320 3335 367 3412 Ἐς
390 3330 522 3418 δόμους.
568 3333 777 3399 Hermannus
802 3332 968 3413 011111ΓΘ.
995 3337 1046 3406 εἰς.

156 3423 199 3489 V.
218 3425 269 3489 65.
320 3426 387 3489 Καὶ
404 3424 462 3488 νῦν
478 3421 543 3487 κατ’
564 3421 682 3499 οἴκους.
716 3421 794 3487 Hoc
816 3419 982 3485 abundare
1004 3417 1134 3484 videtur
1155 3428 1232 3506 post

66 3520 99 3590 ἐς
122 3510 256 3596 δόμους,
280 3511 339 3576 sed
354 3511 458 3599 magis
474 3512 572 3577 etium
587 3510 705 3577 Traoh.
723 3507 888 3575 689exar'
911 3505 1002 3575 οἶκον
1025 3513 1059 3571 ἐν
1080 3505 1230 3592 δόμοιςῑ)

67 3602 124 3667 ubi
147 3602 242 3685 metri
264 3601 346 3666 ratio
369 3600 527 3686 pluralem
549 3623 616 3664 non
639 3600 720 3682 fert,
744 3620 855 3682 quem,
878 3597 907 3663 si
929 3596 1051 3662 vocalis
1074 3597 1231 3681 sequitur,

67 3691 201 3756 evitavit
223 3688 404 3776 Sophocles
426 3690 460 3754 in
482 3689 537 3754 illa
561 3688 677 3754 senarii
700 3686 777 3753 sede
798 3683 876 3751 Ἀλλ’
898 3689 929 3751 οὶ
945 3682 1017 3749 κατ’
1038 3680 1129 3750 οἷκον
1144 3677 1231 3764 ἦσαν

68 3779 117 3843 ΕΙ.
138 3782 235 3844 1147.
259 3781 350 3855 πλεῖς
366 3777 394 3842 δ’
411 3777 453 3852 ὡς
469 3772 551 3864 πρὸς
567 3775 657 3842 οἷκον
674 3771 811 3841 ἐκλιπών
828 3773 913 3839 Phil.
930 3773 981 3839 58.
1013 3780 1045 3836 et
1056 3771 1230 3859 Euripides

70 3867 287 3933 4111111052.
319 3870 369 3932 δεῖ
391 3861 467 3942 τοὺς
490 3864 556 3931 κατ’
576 3862 667 3932 οἶκον
691 3860 801 3946 ὄντας,
824 3861 959 3929 sedhic
982 3860 1110 3946 saepius
1133 3883 1230 3946 spon·

60 3955 179 4040 ·deum‚'
201 3979 301 4041 quum
324 3955 484 4022 declinare
507 3961 631 4041 posset,
654 3977 721 4019 non
744 3959 911 4018 aversatus
928 3959 990 4017 est:
1015 3952 1070 4014 καὶ
1086 3951 1145 4014 νῦν
1160 3945 1226 4012 κατ’

73 4045 177 4122 οἴκους
205 4049 274 4111 tort
296 4084 337 4093 -
361 4043 466 4110 Andr.
489 4047 543 4110 41.
574 4040 681 4110 Orest.
704 4042 779 4108 403.
810 4041 911 4108 Herc.
935 4041 1009 4106 614.
1034 4036 1109 4102 Hel.
1135 4037 1229 4102 1389.

75 4133 143 4200 Ale.
163 4137 213 4201 19.
237 4158 268 4198 v.
285 4132 373 4199 Adn.
398 4133 440 4198 ad
461 4157 492 4198 v.
509 4135 584 4198 441.
619 4131 828 4198 Hermannus
853 4130 1025 4202 σονδέτονς
1049 4147 1122 4189 eum
1143 4123 1229 4212 Aug.

144 4347 170 4413 ¹)
188 4352 341 4402 Theocritus
360 4351 396 4401 ld.
410 4351 493 4402 XVII.
510 4347 549 4402 18.
570 4343 651 4415 δόμος
664 4349 694 4399 ἐν
706 4339 771 4402 Διὸς
784 4345 860 4411 οἴκῳ,
879 4348 929 4397 hoc
941 4343 1045 4394 nomine
1058 4347 1139 4390 totum
1152 4341 1228 4406 signi·

78 4420 136 4485 teat,
154 4423 200 4476 illo
218 4430 324 4488 partem.
