2850 4956
122 298 160 349 1v

59 476 61 479 ’
117 453 275 559 qualiter
305 462 551 551 pertentatam
582 463 867 550 perceptamque
899 451 1048 542 habeat,
1079 452 1186 526 multi
1216 479 1278 526 au·
1334 513 1349 526 .

119 580 195 642 tem
233 568 296 663 qui
330 567 482 665 siugulis
515 568 593 663 ejus
625 567 716 657 locis
750 567 833 666 plus
864 566 985 639 minus
1022 567 1114 641 lueis
1146 569 1278 642 afferre

118 669 272 781 possint,
297 681 364 754 has
389 681 650 772 miscellaneas,
678 682 731 756 uti
746 693 894 773 vocant,-
920 683 1199 757 observationes
1216 694 1281 782 aut
1320 735 1326 743 -

120 797 221 870 nullo
257 797 341 870 loco
383 808 447 870 aut
482 797 603 870 minus
635 782 845 897 opportuno
877 799 1050 896 expromi
1082 799 1279 898 oportebit.

119 911 265 986 Etenim
296 937 478 1003 seorsum,
511 923 553 985 ut
585 913 688 1004 olim,
719 913 915 1009 quominus
942 914 1106 1004 edantur,
1132 914 1282 988 obstant

120 1015 404 1125 bibliopolarum
430 1027 588 1118 arbitria,
614 1029 687 1102 hoc
712 1054 802 1102 vero
830 1039 887 1102 est
910 1029 1092 1102 lectorum
1115 1029 1280 1127 ipsorum

120 1139 280 1230 fastidia,
301 1140 364 1236 qui
390 1143 713 1216 commentariolos
739 1154 888 1218 nostros
908 1144 1092 1243 accipiunt
1106 1155 1280 1240 tanquam

121 1280 263 1329 meroes
296 1256 572 1346 coemtionales,
605 1269 847 1356 aspernantur
872 1268 995 1331 autem
1020 1259 1120 1332 nulla
1143 1258 1280 1333 veteris
1357 1342 1360 1343 ⁷

123 1370 312 1469 scriptoris
337 1370 475 1444 virtute
500 1371 699 1446 redemtos.
742 1372 871 1469 Itaque
898 1399 966 1447 nos
992 1398 1140 1474 quoque
1158 1373 1196 1447 in
1212 1374 1282 1447 hac

31 1504 33 1509 '
124 1485 320 1584 scriptione
347 1485 540 1582 aliquoties

299 1592 340 1670 ιο
366 1592 641 1700 μὲννιοέρεργον
666 1604 771 1700 ἔργον
797 1595 846 1688 ὥς
871 1594 1086 1696 ποιούμεθα

123 1737 243 1809 neque
268 1714 415 1786 veniam
441 1715 689 1812 desperamus.
737 1713 809 1787 Sed
836 1716 936 1810 quod
962 1715 1178 1810 subjunctus
1198 1716 1283 1790 huic
1333 1782 1336 1804 ‚

123 1852 255 1902 versus
281 1828 414 1902 effatur
984 1816 987 1822 ’

56 2036 60 2039 .
302 1934 342 2014 ιὸ
370 1939 410 2015 d'
429 1947 534 2040 ἔργον
560 1941 609 2029 ὡς
633 1935 816 2041 πάρεργον
841 1936 1101 2038 ἐκπονούμεθα

125 2057 161 2129 id
188 2055 219 2128 si
244 2055 325 2151 quis
350 2055 388 2127 in
415 2081 566 2152 operam
591 2066 756 2128 nostram
783 2056 982 2131 convenire
1008 2059 1285 2135 demonstrave-

124 2172 182 2263 rit,
197 2182 282 2244 'non
307 2169 538 2243 voluntatem
564 2171 629 2244 sed
654 2171 867 2245 facultatem
893 2174 999 2246 nobis
1022 2175 1181 2249 defuisse
1200 2201 1285 2249 con-

125 2285 320 2359 fitebimur.
737 2294 738 2298 ’

225 2401 282 2474 Ex
317 2401 441 2499 priore
472 2401 632 2474 editione
665 2397 758 2497 quae
784 2412 929 2475 retenta
954 2413 1053 2494 sunt,
1085 2404 1130 2476 ab
1156 2402 1286 2475 additi-

128 2514 192 2588 ciis
231 2514 382 2614 propria
414 2515 572 2610 quadam
604 2525 693 2588 nota
723 2514 981 2614 distinguenda
1011 2516 1153 2590 curavi
1171 2539 1286 2611 eaque

127 2630 319 2711 brevitatis
339 2654 468 2703 ‘causa
503 2641 584 2702 turn
621 2655 769 2727 quoque
801 2657 883 2703 sum
914 2658 1002 2705 usus
1033 2657 1147 2728 quum
1178 2631 1288 2703 adde-

129 2771 208 2820 rem
233 2745 391 2845 paucula
416 2746 662 2819 demeremve.
713 2743 893 2841 Pleraque
920 2756 1043 2819 autem
1058 2747 1113 2818 ab
1139 2745 1285 2842 integro

44 2906 46 2909 -
128 2862 291 2951 retexui3
324 2862 462 2956 quoin
487 2863 637 2959 negotio
664 2861 763 2934 haud
788 2887 872 2934 raro
900 2859 1032 2934 accidit
1059 2871 1098 2933 ut
1122 2860 1289 2932 mihimet

132 2977 211 3074 ipse
238 2999 493 3048 succenserem
518 2976 759 3072 pergraviter,
790 2975 904 3071 quum
931 3001 974 3048 ea
999 3001 1020 3046 a
1044 3000 1104 3047 me
1130 2974 1290 3047 admissa

131 3090 312 3178 viderem,
343 3113 435 3183 quae
463 3088 492 3161 si
518 3089 599 3183 quis
626 3089 839 3183 deliquisset
864 3089 970 3176 alius,
999 3089 1158 3162 fortasse
1185 3089 1290 3162 casti-

132 3229 276 3304 gassem
307 3204 472 3276 severius
502 3246 550 3256 -
583 3203 632 3290 ὡς
664 3195 824 3302 κριιικός
854 3207 1002 3301 κριτικῷ
1032 3210 1160 3278 κοοέει.
1217 3203 1290 3277 Sed

132 3320 268 3393 nostris
295 3318 433 3391 scilieet
459 3317 646 3391 erroribus
672 3318 780 3391 irasci
804 3318 917 3391 nefas.
967 3317 1210 3392 Diversarum
1238 3319 1290 3392 le-

132 3434 305 3524 ctionum,
334 3458 428 3531 quae
455 3433 635 3525 dicuntur,
662 3433 792 3507 silvam
818 3433 906 3506 auxi
933 3434 1048 3532 copiis
1074 3461 1096 3506 a
1119 3433 1291 3525 Martino',

131 3548 321 3644 lllmslej0,
356 3547 398 3622 G.
423 3548 617 3623 Dindorfio
652 3549 803 3646 aliisque
834 3549 998 3623 collectis
1031 3550 1096 3622 sed
1125 3549 1289 3623 adhibito

133 3663 294 3758 quodam
320 3663 478 3754 delectu3
508 3675 545 3737 et
569 3664 605 3736 in
632 3664 834 3738 referendis
858 3662 1079 3738 Oriticorum
1105 3667 1291 3760 conjectu-

132 3778 183 3850 ris
215 3802 300 3849 eum
330 3778 432 3850 tenui
462 3779 615 3851 modum
640 3789 682 3851 ut
706 3779 743 3850 in
768 3778 888 3876 primo
916 3781 1094 3875 cujusque
1119 3779 1292 3853 mutatio-

88 3884 190 3966 '‘nis
216 3903 367 3992 auctore
394 3892 666 3988 acquiescerem
693 3892 836 3965 omissis
857 3892 1149 3990 subscriptorum
1166 3904 1292 3966 aucto-

134 4006 312 4080 ritatibus.
370 4004 442 4079 Sed
472 4007 653 4080 hocloco
680 4007 800 4082 facere
826 4034 901 4080 non
926 4033 1079 4106 possum
1105 4007 1193 4103 quin
1218 4007 1292 4082 Bo-

134 4120 212 4192 thio
239 4146 298 4192 me
325 4132 510 4213 excusem,
536 4121 599 4218 qui
625 4121 724 4194 etin
750 4122 1013 4195 commentario
1034 4147 1100 4194 suo
1120 4133 1157 4196 et
1173 4123 1291 4196 multo

136 4235 284 4330 gravius
315 4234 351 4306 in
377 4234 501 4331 Ajacis
533 4235 577 4308 ab
604 4235 817 4309 Hermanno
851 4237 939 4309 editi
969 4260 1125 4309 censura
1149 4237 1292 4310 iracun-

137 4348 285 4420 dissima
317 4361 540 4447 conquestus
567 4362 637 4443 est,
664 4352 764 4446 quod
789 4351 984 4424 nonnullas
1011 4376 1094 4424 suas
1121 4352 1292 4427 emenda-
