2850 4956
402 338 504 389 Am
518 337 818 390 mammam

186 495 249 559 ἔσω
272 490 301 558 δ’
322 495 443 574 ίςῆλθε
466 494 640 571 συνδίτους
662 487 753 578 ἄγων
775 491 860 579 ὁμοῦ

186 592 336 681 ταύρους,
358 593 459 675 κύνας
480 598 637 685 βοτῆρας,
662 592 799 682 εύκερῶν
820 595 850 664 τ’
871 592 988 684 ἄγραν.

185 704 242 767 καὶ
263 697 341 779 τούς
362 704 424 786 μὲν
446 699 598 789 ηύχένιζε,
619 697 697 778 τούς
719 700 749 767 δ’
770 695 839 767 ύνω
861 706 988 788 τρέπων

187 805 307 898 ἔσφαζε
330 803 514 893 κάρρύγιζε,
536 802 620 882 τούς
636 807 670 871 δὲ
693 806 846 890 δεσμίους

187 908 334 1002 ᾑκίζεθ’,
357 905 438 975 ῶστε
463 911 584 997 φῶτας,
612 916 645 974 ὲν
667 912 824 994 ποίμναις
846 912 977 975 πιτνῶν.

187 1017 281 1091 τέλος
303 1012 333 1079 δ’
352 1011 482 1099 ύπηίξας
505 1009 560 1078 διδ
583 1015 708 1098 θυρῶν,
731 1017 808 1098 σκιᾷ
831 1017 895 1078 τινὶ

188 1116 306 1206 λόγους
329 1115 467 1197 ἄνέσπα,
488 1115 565 1196 τούς
587 1121 647 1202 μὲν
667 1118 838 1205 Ἀτρειδῶν
861 1114 957 1194 κάτα,

187 1218 263 1299 τούς
286 1219 315 1287 δ’
335 1219 420 1314 ἀμφ’
444 1219 595 1299 Ὀδυσσεῖ,
611 1220 786 1301 ξυντιθεὶς
808 1223 910 1302 γέλων
931 1210 1045 1296 πολύν,

189 1322 271 1407 ὅσην
294 1325 366 1392 κατ’
386 1324 495 1392 αὐτῶν
516 1321 614 1412 ὕβριν
637 1322 789 1392 ἑκτίσαιτ’
810 1321 883 1390 λῶν·

188 1427 314 1497 κᾶπειτ’
336 1428 460 1516 ὲπηίξας
483 1421 587 1508 αὖθις
610 1437 643 1507 ἐς
666 1427 788 1513 δόμους
809 1425 919 1507 πόλιν,

188 1537 323 1623 ἔμφρων
344 1532 440 1620 μόλις
461 1558 530 1612 πως
552 1527 610 1614 ξύν
628 1529 739 1620 χρόνῳ
761 1535 978 1609 καθίσταται,

187 1643 243 1706 καὶ
264 1641 387 1726 πλῆρες
409 1633 491 1720 ύτης
514 1638 557 1715 ῶς
579 1634 739 1704 διοπτεύοι
762 1643 884 1721 στέγος,

187 1746 312 1820 παίσας
333 1741 420 1830 κόρα
447 1738 598 1820 ’θῶδξεν
623 1747 657 1806 ἐν
681 1738 710 1805 δ’
731 1742 884 1822 ἐρειπίοις

188 1850 310 1933 νεκρῶν
333 1849 502 1934 ὲρειφθεὶς
525 1843 604 1924 ἕζετ’
625 1843 757 1930 ἀρνείου
781 1840 901 1934 (μόνον,

187 1946 294 2034 κόμην
317 1946 417 2035 ἀπρὶξ
441 1945 532 2029 όνυξι
554 1942 728 2032 συλλαβῶν
747 1952 830 2034 χερί.

188 2057 244 2120 καὶ
265 2049 325 2119 τόν
346 2056 407 2137 μὲν
430 2043 513 2132 ἧστο
536 2053 691 2118 πλεῖστον
714 2047 896 2140 ἄφθογγος
915 2045 1053 2138 χρόνον·

188 2155 286 2224 ἔπειτ’
305 2161 379 2245 ἐμοὶ
401 2150 444 2223 τοὶ
467 2155 545 2223 δείν’
566 2155 756 2238 ἑπηπείλησ’
777 2159 848 2237 ίπη,

190 2256 285 2348 τίμὴ
308 2266 455 2355 φανοίην
477 2262 546 2327 πῶν
568 2255 607 2327 τό
631 2253 790 2347 συντυχόν
812 2259 937 2340 πάθος,

189 2363 354 2452 κύνήρετ’,
377 2372 412 2432 ἐν
435 2369 481 2450 τῷ
503 2362 699 2453 πράγματος
720 2375 809 2451 κυρεῖ
830 2369 918 2430 ποτέ.

188 2465 287 2555 κολγιδ,
310 2472 415 2560 φίλοι,
438 2471 577 2537 δείσασα
601 2467 894 2555 τούξειργασμίνον

189 2574 283 2656 ἔλεξα
305 2579 384 2654 πῶν,
408 2571 551 2660 ὅσονπερ
575 2572 811 2660 λξηπιστοίμην.

183 2678 208 2745 -ὁ
233 2677 262 2746 δ’
282 2675 385 2756 εὐθύς
407 2676 576 2766 ἐξῴμωξεν
599 2671 744 2764 ολμωγδις
767 2676 897 2764 λυγρῶς,

190 2779 232 2862 δς
253 2781 366 2851 οὔποτ’
387 2783 491 2851 αὐτού
512 2782 667 2872 πρόσθεν
690 2779 850 2864 είςήκουσ’
870 2779 943 2866 ἐγώ.
1015 2847 1021 2856 x

189 2884 272 2976 πρὸς
294 2882 359 2974 γὰρ
382 2893 485 2955 κακοῦ
509 2893 620 2955 τεκαὶ
642 2883 840 2977 βαρνψύχου
862 2882 961 2970 γόους

190 2989 331 3070 τοιούςδ’
355 2991 407 3059 ἀεί
430 2989 646 3080 ποτ’,ἀνδρὸς
669 2989 803 3076 λξηγεῖτ’
823 2996 915 3077 ἔχειν.

190 3094 265 3162 ἀλλ’
286 3092 466 3188 ἁψόφητος
490 3093 590 3176 ὀξέων
611 3093 810 3182 κωκυμάτων

187 3196 390 3278 ύπεστίναζε,
414 3199 535 3284 ταῦρος
557 3193 609 3275 ῶς,
631 3195 848 3285 βρυχώμενος.

189 3303 250 3367 νύν
273 3300 305 3367 δ’
321 3308 356 3366 ὲν
378 3304 491 3387 τοιᾷδε
513 3307 660 3387 κείμενος
681 3305 763 3394 κακῇ
786 3298 864 3393 τύχη

170 3400 306 3483 ,ἄσιτος
326 3401 425 3492 ανὴρ,
448 3401 583 3484 ἄποτος,
607 3411 642 3471 ἐν
664 3411 777 3491 μέσοις
797 3407 912 3490 βοτοῖς

190 3511 430 3596 σιδηροκμῆσιμ
452 3507 574 3595 ἥσυχος
595 3512 698 3576 θακεῖ
721 3507 838 3577 πεσών.

189 3615 246 3679 καὶ
269 3610 369 3694 δῆλός
392 3619 481 3680 ἐστιν
504 3610 548 3689 ῶς
570 3637 601 3678 τι
624 3615 785 3700 δρασείων
807 3609 919 3678 κακόν.

190 3719 330 3782 τοιαῦτα
352 3713 416 3803 γάρ
440 3741 507 3794 πως
530 3718 585 3782 καὶ
608 3719 691 3799 λέγει
715 3712 902 3802 κῶδύρεται.

189 3817 285 3902 Ἀλλ’,
308 3810 333 3883 ῶ
356 3822 459 3910 φίλοι,
482 3818 607 3887 τούτων
629 3814 694 3907 γὰρ
718 3815 825 3886 οὕνεκ’
845 3815 999 3902 ἐστάλην,

192 3920 332 4010 ἀρήξατ’
353 3921 567 4006 ελςελθόντις,
590 3928 618 3988 ελ
641 3920 792 3990 δύνασθέ
814 3948 855 3989 τι.
974 3976 976 3979 .

192 4033 300 4119 φίλων
322 4024 386 4118 γδρ
411 4034 442 4095 οἱ
465 4030 586 4096 τοιοίδε
609 4030 764 4094 νικῶνται
786 4025 906 4114 λόγοις.

544 4156 574 4204 Χ
579 4155 631 4207 ΟΡ
637 4155 697 4205 ΟΣ.

200 4240 388 4323 Τέκμησσα,
411 4231 511 4316 δεινοὶ,
533 4248 596 4302 παῖ
624 4232 854 4319 Τελεύταντος,
877 4239 979 4320 λέγεις

191 4340 281 4428 ἡμῖν,
302 4336 363 4407 τόν
386 4335 494 4429 ἄνδρα
516 4337 812 4432 διαπεφοιβύσθαι
833 4349 956 4413 κακοῖς.
1069 4324 1070 4331 ¹

76 4467 190 4530 ιῳωει.
209 4468 282 4517 τωο.
299 4467 348 4517 τι.
361 4467 387 4516 ο.
1034 4461 1049 4506 ε
