2850 4956
105 1405 107 1413 Ν
182 1311 518 1402 Persuasum
552 1315 853 1405 animosus
889 1294 1246 1408 suoununuq

623 1603 774 1611 *⁶—

215 1773 435 1916 lnsperanti
461 1817 551 1890 mihi
577 1829 614 1892 ct
638 1817 818 1917 imparato
846 1820 911 1905 sed
933 1819 1041 1893 valde
1060 1820 1202 1918 optanti
1219 1845 1277 1894 ce.

116 1933 206 2006 cidit
236 1943 277 2007 ut
307 1959 406 2033 nova
430 1943 648 2031 posceretur
672 1934 782 2030 hujus
808 1933 891 2007 libri
917 1934 1045 2025 editi0,
1077 1959 1188 2031 quern
1214 1960 1276 2008 ne-

116 2072 189 2143 que
219 2074 294 2121 non
325 2057 406 2121 esse
436 2048 572 2121 vellem
602 2073 723 2144 neque
754 2049 867 2121 talem
901 2074 997 2139 esse,
1039 2050 1155 2144 qualis
1188 2060 1276 2122 erat.

114 2161 188 2236 Ubi
212 2187 303 2236 vero
331 2163 434 2260 operi
458 2163 696 2236 instaurando
722 2189 872 2251 manum
897 2165 1062 2254 admovi,
1094 2164 1190 2238 illico
1216 2190 1276 2236 me

1 2273 3 2284 ’
116 2276 393 2351 difficultatibus
425 2276 608 2351 irretitum
640 2277 737 2351 sensi
762 2278 822 2367 iis,
854 2303 944 2374 quas
971 2279 1034 2374 qui
1057 2290 1186 2353 vetera
1210 2306 1276 2353 no-

15 2429 18 2434 ·
116 2392 173 2465 vis
204 2392 407 2471 adstruere⁸
428 2403 624 2482 conantur,
663 2392 763 2464 haud
794 2392 900 2466 facile
932 2392 1122 2491 effugiunt.
1180 2391 1275 2466 Nam

1 2572 3 2589 ‚
116 2531 232 2602 quum
263 2507 363 2580 avito
397 2507 559 2602 quodam
588 2507 864 2606 philologorum
891 2533 996 2581 more
1022 2508 1138 2581 multa
1162 2509 1275 2581 adno-

0 2646 1 2650 ’
114 2634 252 2696 tassem
283 2621 433 2720 cognitu
468 2621 571 2695 utilia
599 2622 758 2696 fortasse
792 2623 856 2694 sed
888 2649 910 2694 a
935 2647 975 2695 re
1000 2633 1124 2696 tamen
1150 2623 1276 2711 aliena,

116 2761 232 2833 eaque
249 2794 252 2799 .
270 2761 346 2809 nec
376 2761 544 2809 resecare
586 2737 805 2831 sustinerem
838 2736 974 2834 quippe
1006 2738 1092 2830 jam.
1117 2735 1274 2808 aliorum

116 2850 424 2950 disputationibus
456 2851 613 2941 intexta,
643 2875 763 2946 neque
794 2851 965 2948 dignarer
996 2873 1176 2947 reponere
1208 2849 1274 2921 im-

115 2966 295 3065 perfecta,
333 2965 472 3039 factum
511 2976 567 3038 est
607 2976 648 3039 ut
682 2990 963 3061 nonnunquam*
982 2963 1129 3063 longius
1165 2963 1275 3037 etiam

117 3106 227 3178 quam
259 3091 367 3154 antea
396 3107 418 3152 a
448 3079 641 3178 proposito
675 3081 898 3179 digrederer.
961 3079 1004 3152 ld
1039 3104 1124 3178 eg0,
1156 3078 1187 3151 si
1216 3104 1275 3152 res

115 3195 260 3294 integra
295 3195 442 3286 fuisset,
482 3195 606 3291 utique
636 3221 709 3269 non
741 3195 928 3284 fecissem,
966 3194 1191 3288 omninoque
1225 3194 1276 3267 ita

116 3321 255 3400 statuo,
287 3309 514 3408 disciplinam
545 3309 821 3408 grammaticam
852 3309 968 3382 multo
1001 3308 1103 3406 prius
1129 3308 1175 3380 ad
1200 3334 1276 3381 ma-

114 3425 304 3499 turitatem
336 3425 520 3520 quandam
551 3435 814 3522 perventuram
846 3424 975 3514 fuisse,
1008 3423 1038 3496 si
1070 3449 1146 3496 non
1174 3422 1275 3520 pcdi-

116 3565 251 3637 sequae
275 3541 360 3614 loco
386 3540 512 3614 habita
530 3565 572 3613 ac
588 3541 702 3614 modo
720 3538 1004 3637 interpretandis
1021 3538 1133 3610 modo
1153 3563 1275 3612 emen-

117 3654 245 3728 dandis
272 3666 441 3728 veterum
468 3654 612 3752 scriptis
639 3653 850 3728 subservire
876 3663 1004 3727 coacta
1030 3663 1136 3726 esset.
1180 3651 1272 3742 Quid

116 3769 214 3843 enim
239 3792 370 3842 causae
397 3778 462 3858 est,
489 3791 554 3840 our
578 3768 773 3866 plerasque
800 3769 879 3865 ejus
904 3778 1028 3866 partes
1046 3766 1167 3840 adhuc
1182 3776 1275 3839 tem-

115 3884 216 3982 poris
242 3910 289 3958 ne
313 3883 550 3963 mediocriter
576 3883 725 3980 quidem
746 3885 952 3958 elaboratas
970 3882 1181 3971 habeamus,
1206 3879 1296 3954 nisi*

116 3999 218 4094 quod
249 3998 287 4071 in
312 4009 526 4072 transcursu
552 3999 669 4097 magis
696 4023 806 4095 quam
832 3999 956 4073 dedita
982 4023 1095 4096 opera
1113 3996 1186 4071 nec
1213 4020 1274 4093 ge-

115 4112 272 4187 neratim
298 4114 364 4187 sed
389 4113 553 4211 disperse
578 4113 615 4186 in
641 4114 939 4188 adnotationibus
964 4121 1141 4187 tractatae
1161 4109 1273 4214 nsunt?

113 4226 238 4302 Nihilo
272 4226 390 4302 secius
420 4227 620 4327 philologis
651 4231 795 4322 difficile
825 4236 878 4302 cst
908 4236 1065 4301 suturam
1093 4212 1166 4296 aori
1186 4229 1274 4296 acri-

117 4346 209 4419 bere.
264 4341 360 4418 Nam
391 4367 504 4440 quum
535 4368 646 4418 nemo
678 4343 725 4418 sit
750 4342 813 4442 qui
839 4336 1047 4427 universam
1073 4348 1190 4412 artem
1215 4362 1274 4412 ae·
1380 4396 1382 4402 a

557 4774 617 4805 fut
651 4764 739 4801 »ΨΜ
747 4765 784 4803 Γ»
808 4760 825 4790 5*

461 4843 470 4855 s
578 4770 654 4872 {ii}
664 4800 689 4876 J
697 4799 700 4811 Δ
712 4796 737 4859 ΑΙ
747 4807 799 4864 εζῖῑ·
809 4796 840 4867 {2
