2850 4956
424 343 526 392 ΑΙΑΣ
541 343 840 398 ΜΛΣΠΙὈΦΟΡΟΣ.

531 520 701 573 ’ΧΟΡΟΣ
801 528 802 535 ’

205 605 247 668 Τί
268 598 303 666 δ’
323 603 399 666 ἐστὶ,
411 604 525 686 χρείας
547 600 642 682 τῆςδ’
662 601 964 690 ὑπεσπανισμένονς

516 737 737 790 ΑΓΓΕΛΟΣ.
947 778 962 803 ,,,

175 830 180 841 *
207 813 273 882 Τὸν
295 811 389 904 ἄνδρ’
410 815 544 898 άπηάὸα
572 822 714 903 Τεῦκρος
736 821 877 887 ἐνδοθεν
900 825 1016 902 στέγης
1050 830 1052 832 ’

200 917 246 1006 με)
274 920 323 1002 ’ξω
345 920 511 1010 παρήκειν,
534 927 612 1012 πρὶν
633 921 749 1010 νεαρῶν
771 922 872 1002 αὐτὸς
893 922 980 1017 τύχῃ.
1034 975 1036 978 >

552 1049 584 1098 Χ
588 1047 703 1100 ΟΡΟΣ.

199 1126 283 1193 Ἀλλ’
304 1126 429 1213 οἴχεταί
448 1153 508 1206 τοι,
531 1125 614 1216 πρὸς
636 1126 674 1196 τὸ
698 1131 867 1218 κέρδιστον
888 1134 1026 1214 τραπεὶς

200 1228 339 1317 χνῶμης,
362 1235 494 1300 θεοῖσιν
518 1231 559 1312 ῶς
582 1237 803 1324 καταλλαχθῇ
821 1231 934 1321 χόλον.

223 1370 225 1372 ’
518 1360 668 1410 ΑΓΓΕΛ
674 1361 735 1412 ΟΣ.

207 1435 307 1503 Ταῦτ’
328 1441 396 1506 ἐστὶ
420 1434 508 1520 νάπη
531 1444 659 1526 μωρίας
680 1444 805 1522 πολλῆς
826 1446 919 1522 πλέα,

201 1540 288 1632 είπέρ
311 1567 342 1609 τι
366 1540 505 1630 Κάλχας
528 1537 564 1612 εὖ
588 1548 723 1634 φρονῶν
744 1543 952 1633 μαντεύεται.

556 1670 586 1719 Χ
591 1670 704 1721 ΟΡΟΣ.

203 1751 329 1831 Ποῖονς
353 1754 384 1816 τί
407 1749 441 1817 δ’
463 1747 554 1829 είὸῶς
576 1750 891 1840 τοῦδεπράχματος
911 1756 999 1840 πέρις

519 1877 737 1929 ΑΓΓΕΛΟΣ.

209 1959 376 2024 Τοσοῦτον
399 1957 474 2029 οἶδα
497 1963 552 2027 καὶ
574 1956 689 2047 παρῶν
712 1955 902 2044 ἐτῦχχοινον.

202 2065 237 2126 ὲκ
258 2058 325 2148 γάρ,
344 2061 499 2149 ξυνέὸρον
521 2067 577 2130 καὶ
599 2067 795 2152 τυραννικοῦ
816 2060 936 2130 κύκλον
1013 2154 1015 2160 A

201 2163 340 2254 Κάλχας
361 2161 527 2254 μεταστάς
550 2167 618 2246 οἶος
640 2169 810 2253 Ἀτρειδῶν
833 2170 908 2254 δίχα

202 2275 234 2347 ἐς
252 2281 348 2359 χεῖρα
377 2269 521 2364 Τεῦκρον
544 2267 653 2354 δεξιάν
677 2270 901 2364 φιλοφρόνως

202 2377 278 2452 θεὶς
301 2373 367 2441 εἶπε
390 2374 582 2468 κατέσκηψε
605 2380 750 2470 παντοίρ
772 2381 865 2468 τέχνῃ
1010 2464 1012 2467 .

204 2476 306 2567 εἷρξαι
328 2478 401 2546 κατ’
420 2470 511 2568 ἦμαρ
534 2481 722 2572 τούμφανὲς
745 2479 783 2546 τὸ
807 2484 866 2546 νῦν
888 2477 964 2548 τάδε

205 2581 334 2651 Αἴανθ’
354 2580 420 2651 ὑπὸ
444 2596 608 2669 σκηναῖσι,
631 2585 712 2669 μηδ’
737 2584 853 2675 ἀφέντ’
873 2590 941 2670 ἐῶν,

203 2693 229 2752 εί
251 2687 344 2768 ζῶντ’
363 2697 486 2756 ἐκεῖνον
511 2692 635 2768 είςιδεῖν
660 2693 757 2754 θέλοι
779 2696 868 2773 ποτέ.

204 2795 262 2876 ἐλᾷ
285 2789 349 2878 χάρ
374 2792 476 2860 αῦτὸν
500 2797 573 2886 τῇδε
597 2791 735 2878 θήμέρᾳ
757 2790 841 2884 μόνῃ

204 2897 277 2973 δίας
298 2894 448 2976 Ἀθάνας
469 2900 575 2983 μῆνις,
598 2895 641 2974 ῶς
664 2899 728 2987 ἐφη
752 2900 861 2978 λέγων.

154 3085 156 3087 ¹
204 2997 244 3064 τά
267 2994 331 3088 χάρ
355 3001 495 3087 περισσά
517 2998 685 3082 κάνόνητα
708 2998 845 3086 σῶματα

202 3107 330 3170 πίπτειν
351 3107 502 3192 βαρείαις
524 3099 607 3194 πρὸς
630 3108 721 3172 θεῶν
744 3103 961 3193 δυςπραξίαις

204 3208 320 3299 ἔφασχ’
343 3208 361 3276 ὁ
385 3209 509 3295 μάντις,
533 3206 623 3291 ὅστις
646 3206 830 3296 άνθρῶπον
853 3204 962 3298 φύσιν
1052 3222 1054 3224 ’

204 3311 365 3396 βλαστών,
388 3317 498 3380 ἔπειτα
521 3311 567 3397 μὴ
591 3312 662 3379 κατ’
689 3308 876 3399 ἄνθρωπον
898 3322 1025 3403 φρονεῖ.

204 3428 308 3496 κεῖνος
332 3417 365 3483 δ’
386 3417 441 3483 ἀπ’
462 3417 558 3486 οίκων
582 3413 684 3496 εὐθὺς
707 3417 932 3504 ἐξορμῶμενος
991 3438 1001 3455 “

205 3516 304 3598 άνονς
325 3525 432 3600 καλῶς
455 3526 606 3608 λέγοντος
629 3521 753 3610 εὑρέθη
776 3519 911 3608 πατρός.

204 3623 221 3688 ὁ
244 3629 303 3708 μὲν
326 3619 390 3713 χάρ
414 3622 516 3705 αὐτὸν
538 3631 671 3705 ἐννέπει,
700 3630 831 3702 Τέκνον,
855 3627 928 3710 δορὶ

203 3727 325 3812 βούλου
346 3741 478 3816 κρατεῖν
500 3734 571 3814 μὲν,
594 3725 651 3809 ξῦν
674 3732 748 3814 θεῷ
770 3727 804 3794 δ’
824 3727 876 3793 ἀεὶ
898 3739 1040 3816 κρατεῖν.

206 3829 223 3895 ὁ
246 3831 281 3897 δ’
300 3832 494 3918 ὑφικόμπως
516 3830 691 3926 κάφρόνῶς
714 3830 893 3917 ἠμείψατο,

206 3933 332 4025 Πάτερ,
354 3941 450 4015 θεοῖς
473 3941 532 4020 μὲν
555 3933 660 4009 κάνὸ
682 3939 785 4021 μηδὲν
808 3929 853 4001 ῶν
876 3935 962 4023 ὁμοῦ

204 4038 323 4125 κράτος
344 4039 599 4124 κατακτήσαιά·
622 4036 684 4128 ἐχῶ
709 4044 743 4108 δὲ
766 4045 821 4108 καὶ
844 4043 921 4128 δίχα

204 4148 318 4212 κείνων
339 4148 491 4211 πέποιθα
513 4132 603 4217 τοῦτ’
629 4141 822 4215 ἐπισπάσειν
843 4148 944 4224 κλέος.

206 4245 339 4315 τοσόνδ’
359 4247 492 4332 ἐκόμπει
513 4253 644 4335 μῦθον·
673 4249 741 4317 εἶτα
765 4247 917 4336 δεύτερον

206 4353 278 4430 δίας
303 4351 465 4433 Ἀθάνας,
489 4353 572 4435 ἡνίκ’
593 4351 780 4442 ὀτρῦνονσά
802 4378 854 4422 νιν
903 4386 904 4389 “
