2874 4972
455 352 502 407 Al)
522 349 619 408 SOPH.
638 349 684 407 Al.
722 353 753 409 V.
767 353 827 407 222.
1171 353 1222 410 143

65 509 222 596 Κρότων,
250 505 385 596 κροτολν,
407 507 431 590 ἢ
450 511 636 596 χαρακτῆρι
658 505 819 592 ὑπάγοντα
844 507 886 588 ὡς
908 503 946 575 τδ
965 503 1059 574 ’Ίτων
1083 530 1223 591 συναιτι-

36 600 38 604 ’
64 605 184 688 νιχθὲν
211 603 257 685 τῷ
296 603 436 684 Τρίτων,
459 601 493 664 Γ
490 601 583 664 ιίτων
606 601 684 680 (scr.
708 599 868 683 Κρίτων),
892 595 966 664 οἶον
986 593 1114 682 Ἠϊόν,
1129 599 1223 684 Κρα-

63 690 145 774 νόν,
174 692 208 755 Γ
204 685 325 771 υρτοόν,
356 687 469 770 Nscio,
499 709 581 771 quae
611 685 718 752 omnia
739 686 862 752 librarii
886 687 979 752 aliter
1006 687 1148 753 scribere
1172 710 1223 753 so-

62 779 131 845 lent
159 804 191 845 v.
215 777 401 844 Taschuck.
433 776 475 842 ad
498 773 606 843 Strab.
630 775 693 842 IX.
719 777 792 840 641.
824 772 973 841 Siebelis.
998 775 1040 840 ad
1062 776 1158 842 Paus.
1182 775 1222 840 L.

62 867 108 932 X.
132 890 165 953 p.
189 869 264 934 287.
287 866 403 931 Lehrs.
434 865 475 930 de
502 864 684 929 Aristarch.
715 887 748 950 p.
771 861 846 929 272.
891 864 1018 930 Eadem
1039 864 1224 952 Ethnogra·

63 956 148 1041 phus
179 979 205 1023 s.
229 957 398 1021 Βιστωνία
427 975 488 1019 nos
512 952 823 1038 docet,bisyllaba‚
847 951 986 1037 quaein
1008 957 1074 1019 τ”ωῑι
1097 962 1224 1036 exeant,

63 1043 223 1131 barytona
245 1066 316 1110 esse
341 1044 486 1130 exceptis
509 1041 693 1128 periecticis
717 1051 750 1106 et
772 1042 800 1106 si
823 1064 888 1126 qua
911 1041 1048 1106 diastole
1071 1064 1154 1128 opus
1171 1043 1224 1124 sit,

63 1141 101 1197 ut
134 1130 274 1216 κροτόν,
302 1129 418 1219 χιτών,
453 1153 637 1216 quanquam
664 1131 736 1216 ipse
766 1129 907 1213 Βοοβών
936 1139 968 1196 et
995 1128 1129 1214 βουβών
1158 1153 1223 1196 non

62 1215 964 1396 ittitiitlittttttttlt{itittitit
985 1216 1223 1394 diffidit

62 1396 130 1464 Sed
158 1397 176 1464 ὁ
207 1394 340 1464 Πύθων
370 1406 403 1463 et
431 1397 453 1480 η
478 1392 612 1462 nodat
638 1397 711 1482 ipsa
739 1396 867 1483 generis
897 1394 1084 1462 diversitate
1113 1395 1222 1483 dispa-

61 1496 176 1552 rantur
203 1511 235 1552 v.
259 1487 412 1551 Ammon.
442 1508 468 1551 s.
497 1485 529 1549 h.
559 1509 590 1548 v.
614 1483 754 1549 Restant
775 1486 895 1567 βιόων,
921 1483 1086 1573 φώοσων,
1105 1488 1222 1573 σι’φων,

62 1573 177 1664 τυφών
199 1575 268 1640 sive
292 1574 402 1660 potius
426 1575 550 1660 τοφων,
573 1567 663 1655 ιἰχών
684 1568 831 1652 ἄμπελος
846 1570 973 1636 Anecd.
989 1571 1061 1637 Ind.
1080 1570 1222 1660 βλήχων,

66 1663 107 1728 de
138 1686 203 1747 quo
233 1685 299 1729 uno
328 1670 455 1728 veteres
487 1660 646 1725 curiosius
675 1659 849 1725 disserunt.
894 1659 1042 1724 Primum
1071 1659 1223 1727 Theodo-

65 1752 133 1816 sius
163 1774 194 1836 p.
220 1752 292 1815 128.
322 1749 404 1815 illud
433 1773 507 1816 cum
535 1748 698 1814 femininis
726 1748 895 1834 barytonis
924 1750 1112 1836 conjungit,
1140 1771 1222 1833 quae

63 1840 196 1926 longam
219 1839 374 1921 retinent,
398 1835 527 1923 τρήρων
541 1839 584 1922 ¹),
611 1835 795 1919 Ἀσκάλων,
824 1859 889 1922 quo
912 1846 1050 1903 accentu
1071 1839 1224 1904 masculi·

64 1951 142 1992 num
164 1935 296 1992 notatur
318 1923 376 1992 τόν
399 1925 554 2011 βλήχωνα
577 1949 630 2011 ap.
655 1923 767 1993 Schol.
783 1925 860 1991 Nic.
877 1926 931 1990 Al.
955 1951 986 1994 v.
1005 1929 1077 1992 128.
1095 1936 1128 1993 et
1141 1925 1223 2010 βλή-
1300 1953 1305 1960 ·

59 2040 128 2101 χων
158 2015 178 2095 ἡ
208 2015 337 2099 γλήχων
359 2013 450 2082 Suid.
480 2015 534 2079 Ac
564 2015 591 2079 si
620 2015 691 2099 quis
720 2014 808 2079 hunc
837 2012 876 2080 οὐ
898 2011 1028 2100 γλήχων
1051 2016 1222 2102 scripsisse

61 2111 155 2190 putet
181 2112 219 2168 ut
240 2103 389 2169 Philemo
411 2126 444 2188 p.
468 2104 542 2168 295.
566 2113 697 2189 praesto
722 2111 772 2169 est
794 2102 876 2168 alius
899 2102 1070 2168 masculini
1092 2103 1233 2192 generis,

60 2193 154 2258 testis
181 2191 370 2258 Alexander
397 2192 503 2277 Aphr.
532 2192 566 2256 in
589 2189 689 2278 Soph.
718 2192 770 2256 El.
800 2215 833 2279 p.
856 2191 942 2257 301).
975 2191 992 2256 ό
1023 2194 1144 2278 γλίχων
1166 2196 1222 2258 καὶ

62 2279 100 2346 τό
124 2278 294 2366 σκόροδον.
340 2279 503 2346 Arcadius
524 2304 558 2367 p.
578 2283 629 2363 16,
653 2283 684 2348 7.
708 2275 747 2346 τό
770 2284 890 2379 ηιλίέων
914 2277 1073 2366 (γλήχων)
1104 2276 1222 2369 ὤφειλε

62 2384 285 2472 βαρύνεσθαι,
310 2393 336 2452 εὶ
359 2389 392 2453 δὲ
410 2383 562 2466 θηλυκόν
585 2391 640 2451 καὶ
664 2382 719 2451 διὰ
741 2389 801 2452 τοῦ
822 2390 857 2471 β,
880 2385 1032 2466 ὀξύνεται
1043 2389 1081 2466 ²).
1131 2387 1222 2454 Huic
1235 2405 1277 2452 ιιι
1321 2378 1323 2383 ⁴

64 2476 227 2541 consentit
240 2475 448 2561 Phrynichus
464 2476 554 2562 App.
578 2499 611 2561 p.
629 2476 683 2558 30,
709 2477 759 2539 15.
781 2471 914 2559 βληχών
937 2480 968 2540 οἱ
985 2479 1119 2562 Δωριεῖς
1141 2481 1221 2560 yta-

60 2561 145 2649 χών,
175 2568 206 2630 οἱ
229 2559 338 2640 Ἴωνες
365 2561 507 2650 γληχοόν·
530 2561 716 2654 ἀμφότεροι
746 2566 780 2628 δὲ
809 2565 978 2646 θηλυκῶς,
1010 2568 1040 2628 οἱ
1070 2567 1130 2648 μὲν
1158 2562 1221 2630 τὰν

61 2649 221 2737 γλαχόνα,
248 2657 279 2718 οἱ
304 2649 420 2733 δὲτὴν
443 2649 599 2736 γληχόνα,
623 2651 709 2718 unde
732 2651 930 2738 adjectivum
948 2650 1080 2717 ducitur
1102 2655 1221 2739 γληχο-

63 2743 184 2816 νοειδὲς
212 2732 250 2805 τό
279 2743 460 2826 δίκταμνον
482 2740 682 2827 Hesych.³).
728 2739 829 2826 Apud
858 2739 1098 2825 Hippocratem
1126 2763 1222 2826 saepe

61 2829 181 2916 legitur
214 2832 273 2909 τῆς
306 2828 489 2914 γλήχωνος,
522 2833 560 2918 τῇ
594 2825 752 2912 γλήχωνι,
785 2827 846 2908 τὴν
879 2831 1031 2912 γλήχωνα
1067 2827 1107 2894 de
1135 2828 1220 2893 Mul.

62 2917 173 2983 Morb.
196 2940 229 3003 p.
246 2919 322 2983 663.
347 2919 421 2984 708.
445 2920 519 2984 714.
545 2920 620 2984 715.
645 2919 719 2984 723.
744 2919 819 2983 732.
844 2918 919 2983 734.
945 2918 1020 2983 768.
1045 2919 1119 2982 810.
1145 2918 1220 2983 831.

62 3006 102 3070 Τ.
124 3006 167 3072 Π.
199 3006 368 3090 aliquoties
397 3006 493 3072 etiam
522 3009 582 3086 τῆς
608 3008 752 3092 βληχοῦς
781 3005 822 3071 de
850 3005 959 3071 Morb.
989 3005 1050 3070 III.
1082 3006 1157 3071 323.
1189 3014 1222 3071 et

61 3095 138 3160 324.
161 3095 201 3161 Τ.
217 3093 261 3160 Π.
292 3094 350 3161 sed
372 3095 487 3162 vitiose
511 3096 668 3182 scriptum
688 3091 850 3179 βλήχονς,
879 3103 912 3160 et
934 3097 974 3179 τῇ
994 3096 1114 3180 βληχοῖ
1134 3094 1221 3160 The·

61 3183 155 3269 ophr.
178 3183 224 3249 H.
248 3183 355 3249 Plant.
379 3184 442 3249 IX.
470 3187 521 3267 16,
547 3188 576 3252 1.
599 3181 660 3264 τὴν
674 3180 794 3268 Ὶβληχώ
816 3183 1022 3270 Aristophon
1037 3183 1159 3249 Athen.
1176 3183 1219 3254 H.

63 3273 115 3337 63.
144 3273 187 3337 A.
211 3272 314 3340 Arist.
345 3272 425 3360 Lys.
449 3274 501 3340 89.
530 3270 591 3354 τήν
618 3269 728 3359 γλαχιό
750 3271 836 3338 Ach.
862 3273 936 3338 882.
966 3270 1089 3358 [Schol.
1118 3271 1160 3337 ad
1187 3273 1220 3342 h.

61 3360 82 3425 l.
108 3362 252 3426 κλίνεται
274 3364 309 3427 δὲ
332 3369 387 3428 καὶ
410 3356 529 3447 γληχώ,
552 3361 595 3438 ὡς
617 3359 769 3448 Σαπφώ]
795 3383 877 3446 quos
902 3362 1106 3428 accusativos
1122 3361 1221 3428 *Bate

62 3471 200 3515 mannus
223 3448 368 3516 Gramm.
396 3452 425 3535 ξ.
444 3452 496 3516 56.
519 3449 607 3516 Adn.
627 3453 677 3514 11.
702 3458 734 3514 et
755 3449 931 3537 Elmslejus
953 3449 1137 3539 gravandus
1159 3474 1221 3537 pu·

60 3545 143 3620 tant,
166 3546 346 3605 ceterorum
369 3561 503 3606 casuum
526 3561 609 3623 quos
631 3538 724 3604 attuli
746 3539 861 3626 ignari.
907 3538 964 3605 Ad
980 3540 1141 3622 ultimum,
1164 3541 1221 3625 qui

60 3626 263 3693 homericum
291 3625 477 3720 κατηφόνες
504 3627 709 3714 interpretati
738 3635 814 3692 sunt
842 3625 1017 3718 κατήφειαι
1045 3625 1155 3695 Schol.
1179 3627 1218 3694 ll.

61 3713 196 3782 XXIV.
226 3717 300 3782 252.
315 3731 319 3747 ’
336 3717 370 3781 in
401 3716 611 3783 substantivis
638 3723 864 3796 numerarunt3
898 3716 1112 3784 Aristarchus
1141 3717 1220 3802 quid

61 3805 211 3886 senserit,
232 3828 349 3892 parum
372 3805 487 3885 claret3
510 3805 574 3870 nisi
595 3805 680 3870 forte
696 3827 738 3869 ex
752 3827 791 3870 eo
805 3804 895 3890 qnod
908 3803 1096 3898 κατηφόνες
1118 3805 1220 3892 scrip

60 3892 144 3958 sisse
175 3891 294 3960 dicitur
324 3893 367 3972 ὡς
389 3891 600 3977 Μακεδόνες,
622 3893 692 3975 vel,
714 3901 751 3958 ut
773 3892 855 3961 alius
877 3895 932 3979 ait,
956 3893 999 3972 ὡς
1021 3892 1218 3982 σειρηδόνις,

59 4037 263 4048 -·——-...........

85 4175 93 4195 .
137 4107 208 4166 ¹l1d
235 4119 325 4163 natura
351 4112 419 4162 hand
447 4112 524 4162 dubie
550 4126 603 4162 non
629 4111 713 4162 minus
741 4127 875 4164 commune
904 4121 943 4164 ast
965 4128 1042 4177 qnam
1067 4111 1218 4176 adjectivum

75 4201 93 4232 α
135 4199 159 4232 ν.

57 4202 74 4246 χ
95 4198 160 4330 (²⁰²⁹)
179 4265 284 4332 Ρλλχων
301 4271 327 4319 in
347 4269 474 4333 farragine
492 4269 673 4320 dichronornm
687 4271 764 4320 Drnc.
778 4287 802 4336 p.
818 4272 877 4334 1¹7,
897 4273 920 4322 2.
941 4281 966 4322 et
980 4271 1116 4335 Hephaest.
1131 4269 1216 4321 Schol.

58 4357 85 4406 p.
97 4339 121 4390 2.
142 4341 250 4391 sortasse
268 4342 336 4390 idem
355 4342 480 4405 estquod
498 4332 579 4408 γλιχώ
599 4334 616 4404 ἡ
634 4343 782 4411 περίεργοι.

135 4424 160 4488 ³)
178 4429 208 4478 ln
227 4431 347 4479 dictamni
367 4431 524 4480 succidaneis
543 4431 674 4516 pulegium
692 4431 770 4480 refert
790 4428 879 4481 Galen.
898 4429 929 4478 T.
948 4429 1019 4478 XIX.
1040 4427 1099 4480 729.
