2858 4964
180 353 216 408 τι
328 410 329 413 ρ
621 342 896 399 conmrrlmos

175 506 284 596 Ἥρας
307 508 445 594 θρέμμα
466 498 571 592 ἄδρας
594 504 812 586 αυ1]-οτεεέσε
835 523 855 564 a
877 497 939 564 deo
962 497 1110 564 homines
1126 498 1214 564 θεοῦ
1228 494 1342 581 γεννή-

127 617 167 662 101
180 623 270 682 ματα
305 588 496 680 ἀνθρώπων
532 599 704 678 captumve
741 614 760 655 a
789 587 960 676 Meleagro
995 611 1110 674 aprum
1140 583 1342 672 Μελεάγρου

181 682 288 768 ἄγραν
316 680 468 766 νάπρονλ
496 704 577 765 quae
606 679 706 746 verba
737 678 922 766 significant
945 677 1054 763 potius
1077 676 1149 763 apri
1173 683 1341 762 capturam

181 772 341 859 Meleagri
364 793 462 856 opera
483 770 671 856 perfectam.
717 767 835 851 Neque
851 765 954 852 magis
970 766 1035 831 huc
1050 766 1191 852 pertinet
1207 763 1341 829 Κάστο-

180 887 238 945 ρος
267 858 402 944 ἄγαλμα
425 860 584 941 πατρίδος
606 857 682 924 Ηε1.
705 858 778 922 209.
805 855 930 940 aliaque
954 854 1123 942 ejusmodi,
1147 876 1231 939 quae
1256 876 1339 918 com-

180 949 326 1016 modiore
353 948 427 1012 loco
454 946 688 1011 tractabuntur.
742 944 836 1009 Haec
864 944 966 1031 igitur
993 943 1082 1008 ratio·
1098 942 1169 1025 fuit,
1194 964 1255 1008 cur
1277 950 1340 1007 tra·

180 1039 321 1104 leticiam
354 1035 646 1122 interpunctionem
680 1056 746 1098 non
780 1034 993 1098 immutarem.
1051 1032 1104 1097 Ex
1137 1030 1339 1120 Scholiastae

181 1126 288 1193 verbis
318 1120 356 1190 τὸ
384 1127 452 1189 πᾶν
482 1126 540 1203 τῆς
563 1120 755 1205 συντάξεως,
779 1121 943 1208 σόμμικτα
965 1120 1139 1206 βουκόλια,
1168 1125 1232 1200 τῆς
1251 1123 1340 1196 λείας

182 1212 223 1280 τά
251 1213 399 1294 ἄδαστα,
427 1220 459 1278 et
481 1212 628 1277 Triclinii
656 1214 698 1277 τά
728 1209 894 1297 σιίμμιατα
924 1207 1148 1296 φρουρήματα
1171 1212 1238 1274 τῶν
1261 1211 1340 1289 βου-

151 1303 155 1318 “
181 1301 302 1385 κόλων,
331 1298 371 1366 τά
400 1297 531 1367 ἄδαστα
559 1303 620 1379 τῆς
647 1304 752 1382 λείας,
780 1298 892 1386 colligi
918 1299 1022 1381 licet,
1042 1320 1098 1363 eos
1126 1299 1228 1364 verba
1252 1300 1340 1373 λείας

182 1388 312 1457 ἄδαστα
342 1414 361 1455 a
388 1389 503 1455 ceteris
531 1411 715 1476 separasse,
745 1388 896 1454 universa
923 1396 1031 1453 autem
1060 1411 1126 1452 uno
1151 1387 1339 1472 complexos

182 1503 252 1546 esse
276 1479 407 1544 ambitu.
438 1477 634 1562 [Ellendtius
661 1477 749 1542 ΤοΙ.
772 1501 803 1563 p.
824 1479 875 1542 16.
899 1479 988 1552 λείας
1011 1476 1189 1562 genitivum
1212 1475 1340 1562 partiti·

181 1593 257 1635 vum
286 1591 356 1634 esse
386 1567 499 1633 statuit
527 1561 593 1631 ἄπό
624 1570 714 1641 λείας
737 1561 880 1648 ἄδαστο,
910 1588 951 1630 ex
973 1566 1166 1631 universa
1189 1564 1341 1651 praeda

180 1657 347 1724 nondum
376 1656 507 1722 electa
536 1664 574 1720 et
604 1655 780 1741 partita]
828 1651 1006 1740 [σόμμικτα
1035 1657 1124 1730 λείας
1147 1663 1184 1718 ut
1207 1649 1339 1736 ἄνολβα

179 1743 414 1832 βουλευμάτων
442 1742 543 1829 Soph.
571 1744 684 1829 Antig.
712 1745 806 1808 1264.
838 1738 951 1826 ἄσημα
980 1744 1064 1828 βοῆς
1093 1743 1136 1808 ib.
1169 1739 1340 1826 σύνδρομα

179 1832 329 1921 πετράων
344 1834 456 1919 Apoll.
469 1833 533 1898 Rh.
545 1832 588 1897 II.
608 1834 682 1899 346.
698 1855 758 1918 pro
775 1828 955 1918 σόνδρομοι
969 1838 1086 1917 πέτραι
1101 1832 1154 1896 vel
1171 1825 1340 1918 συνδρομὴ

180 1949 240 1988 πετ
262 1947 315 1987 ων.

241 1925 388 2075 ρ7.]55.
429 2006 551 2093 ’Έκειρε
580 2005 766 2090 πολύκερων
796 2006 912 2097 φόνον.
959 2007 1159 2075 Scholiastes
1183 2007 1260 2074 ἀντὶ
1284 2011 1342 2075 τοί

181 2102 296 2178 κείρων
330 2102 463 2176 ἐποίησε
498 2105 534 2162 ut
567 2122 597 2161 v.
621 2098 674 2162 42.
711 2100 900 2179 ἐπεμπίπτει
934 2096 1034 2177 βάσιν
1065 2120 1124 2183 pro
1160 2095 1341 2178 taetriorem

180 2184 282 2269 βάσιν
304 2185 379 2265 μετ’
400 2188 591 2267 ἐπιθέσεως,
615 2195 647 2249 et
670 2183 781 2252 Schol.
806 2185 910 2252 Thuc.
926 2186 952 2252 I.
980 2188 1030 2250 15.
1055 2183 1217 2269 ἐνδήμους
1241 2208 1341 2268 στρα-

181 2277 268 2349 τείας
302 2269 436 2363 ἐξῄεσαν
468 2273 701 2358 interpretatur
730 2269 869 2354 ἐξιόντες
897 2276 1047 2356 ἐποίουν,
1083 2277 1176 2362 cujus
1207 2275 1342 2362 supple·

180 2362 279 2426 menti
312 2383 408 2426 usum
437 2370 596 2447 respuunt
629 2362 707 2428 alia:
742 2359 844 2428 νόσον
871 2365 1011 2447 βαρεῖαν
1040 2362 1162 2446 ἐνόσει,
1202 2358 1343 2449 αἰσχρόν

183 2447 337 2535 θάνατον
375 2448 528 2515 ἀπέθανε
564 2458 624 2515 etc.
688 2450 780 2516 Idem
819 2448 1008 2534 moliremur
1042 2453 1176 2538 exponit
1209 2455 1343 2518 πολλῶν

180 2536 391 2630 κεραςφόρων
414 2535 520 2621 ζώων,
547 2539 614 2604 fere
637 2548 674 2604 ut
696 2539 871 2626 Elmslejus
896 2537 979 2606 Oed.
1005 2537 1075 2604 Col.
1101 2543 1175 2606 718.
1199 2539 1343 2624 ἑκατόμ-

179 2631 277 2703 ποδες
312 2631 463 2713 Νηρῇδες
501 2627 731 2714 interpretatur
768 2623 886 2693 ἐντατὸν
926 2630 1076 2720 Νηρῇδες
1117 2627 1342 2714 ὀρχηστρίδες.

179 2713 246 2782 Sed
274 2717 330 2781 illo
359 2715 433 2782 loco
462 2715 583 2802 pedum
610 2716 730 2782 mentio
761 2715 803 2780 ad
834 2715 1028 2782 evidentiam
1050 2717 1207 2803 pertinet,
1236 2741 1343 2805 eoque

178 2813 461 2891 repraesentantur
475 2804 637 2872 Nereides
660 2803 798 2870 navibus
820 2814 1049 2890 praenatantee
1072 2815 1105 2870 et
1128 2807 1222 2891 quasi
1246 2806 1344 2890 ἁμιλ-

179 2894 321 2979 λώμεναι
351 2906 420 2969 τοῖς
449 2889 678 2959 ἐκατόνποσί
692 2893 728 2977 ¹).
784 2893 1006 2960 Numerosum
1041 2894 1171 2978 quidem
1206 2920 1349 2984 gregem.

178 3005 243 3046 non
272 2981 431 3047 absonum
459 2983 545 3048 foret
576 2986 792 3048 multicorocm
815 2981 891 3065 dici,
920 2982 979 3048 sed
1000 3006 1060 3067 pro
1084 2984 1202 3049 πολλοὶ
1226 3009 1344 3071 κερας-

207 3067 278 3154 όροι
303 3069 456 3136 substitui
478 3093 576 3156 posse
599 3067 778 3156 πολύκερω,
799 3094 916 3156 parurn
938 3071 1092 3137 credibile
1112 3071 1254 3137 videtur.
1304 3074 1346 3140 In

177 3095 237 3221 lna.
269 3156 420 3222 scribitur
448 3157 645 3244 πολύκερον,
674 3181 713 3223 ao
736 3156 920 3244 πολόιιερως
943 3157 1064 3248 φόνος,
1088 3163 1303 3244 quantumvis
1327 3183 1347 3228 a

178 3252 290 3310 nostro
315 3267 412 3310 sensu
435 3245 628 3328 abhorrens,
658 3254 766 3312 tamen
789 3270 854 3311 non
877 3247 1027 3313 licentius
1051 3257 1100 3312 cet
1123 3271 1222 3332 quam
1235 3260 1346 3335 ’νημε-

106 3374 109 3375 ⁷
178 3328 236 3411 νὴς
264 3330 353 3416 μάχη
378 3331 469 3419 Cyol.
494 3360 524 3399 v.
548 3337 579 3400 b.
602 3335 672 3400 Ion.
697 3338 772 3402 987.
804 3330 1020 3418 τετρασκελὴς
1041 3335 1347 3422 κενταυροπληθὴς

177 3418 320 3506 πόλεμος
342 3420 441 3487 Herc.
468 3424 564 3488 1272.
594 3430 692 3507 atque
715 3423 856 3510 plurima
877 3424 964 3506 talia,
994 3448 1077 3509 quae
1099 3448 1206 3509 neque
1230 3430 1347 3496 mirari

177 3509 354 3576 desinimus
376 3533 482 3596 neque
505 3520 630 3578 mutare
648 3510 814 3594 audemus,
838 3512 924 3596 quia,
948 3535 1047 3598 quum
1064 3512 1257 3594 ἀλλοεθνὴς
1283 3519 1347 3584 πό·

176 3602 274 3679 λεμος
297 3599 433 3686 Dionys.
458 3600 552 3668 Antt.
576 3599 618 3664 V.
644 3621 672 3664 c.
697 3602 725 3664 5.
756 3600 941 3685 pariterque
970 3609 1151 3687 temperata
1178 3607 1348 3688 probave-

174 3687 286 3770 rimus,
309 3710 392 3771 quae
414 3688 466 3754 his
489 3688 672 3754 minutatim
692 3697 724 3752 et
740 3688 900 3774 gradatim
914 3691 1119 3755 accumulata
1134 3700 1222 3776 sunt,
1245 3718 1349 3782 repu-

175 3776 264 3843 diare
287 3798 352 3841 non
375 3799 560 3863 possumus.
585 3773 771 3859 [διμλήνους
793 3767 884 3853 ὦπας
904 3777 1067 3844 Theocrit.
1087 3779 1199 3867 Epigr.
1217 3782 1281 3848 VI.
1300 3786 1347 3872 2.]

107 3882 161 3932 ἰον
261 3865 305 3931 V.
323 3866 374 3932 56.
420 3863 541 3948 Κύκλῳ
563 3863 714 3948 ῥαχίζων.
760 3864 854 3930 Haeo
877 3866 977 3933 verba
992 3865 1112 3934 Suidas
1135 3891 1162 3935 s.
1185 3867 1349 3959 Ῥαχίζων

173 3977 214 4021 ex
236 3955 300 4021 hoc
322 3955 397 4022 loco
421 3954 595 4039 excerpsit.
1096 3984 1098 3989 ,
1167 3998 1168 4001 ,

246 4133 271 4201 ¹)
290 4139 467 4190 Hecatomben
490 4143 602 4186 veterum
626 4133 742 4183 nonnulli
767 4134 862 4184 dictam
883 4141 975 4198 putant
997 4128 1055 4187 ἀπὸ
1078 4136 1137 4188 τῶν
1162 4134 1270 4200 ἑκατὸν
1294 4138 1346 4211 βᾶ-

172 4218 251 4268 σιων,
277 4199 292 4258 ό
317 4209 394 4260 ἐστιν
417 4206 588 4260 εἰκοσιπέντε
613 4195 694 4264 ζιόοιν
712 4205 824 4268 Hesych.
848 4220 868 4255 s.
888 4221 911 4255 v.
930 4205 1047 4258 Eusteth.
1070 4225 1095 4274 p.
1116 4209 1160 4274 49,
1187 4213 1230 4265 12.
1256 4217 1343 4282 Etym.

170 4274 205 4326 M.
222 4279 285 4342 ³20,
306 4280 348 4330 45.
372 4283 416 4331 uhi
440 4295 489 4344 pro
512 4269 625 4341 βάσεων
642 4289 777 4338 perperam
799 4275 920 4337 scriptum
938 4272 1135 4342 βοσκημάτων.
1177 4284 1270 4350 Atque
1293 4289 1342 4339 hoc

170 4351 247 4398 modo
277 4353 459 4416 centumpedas
484 4347 642 4412 Sophocleas
671 4346 780 4394 absolvit
802 4345 973 4410 Scholiastes‚
1002 4352 1075 4414 qnasi
1101 4353 1152 4404 duo
1177 4355 1341 4410 Scholiastae

171 4413 221 4466 diei
239 4424 338 4482 possint
356 4419 536 4486 quadrupedes
555 4417 722 4468 scholiastae.
972 4422 975 4426 ’
