2850 4958
461 289 831 377 mmffinum
1173 325 1223 380 m
1325 344 1327 348 ·

62 473 103 541 de
119 475 220 540 Prov.
240 498 273 562 p.
292 478 365 542 104.
390 479 448 561 [είς
470 481 609 562 αἱρέσεις
629 477 768 564 Dionys.
785 478 878 544 Antt
895 477 954 547 VI.
971 443 1025 545 56.
1043 466 1160 566 1168.)
1179 483 1224 560 εἱς

62 560 218 640 ἅπαντας
229 560 347 649 λόγους
357 562 467 642 κατήει
480 568 557 652 (scr.
569 567 699 651 καθίει)
716 567 782 632 Dio
795 565 872 632 Chr.
883 565 941 634 Or.
953 567 1030 634 LX.
1047 569 1123 633 312.
1142 566 1223 646 πόν-

61 676 106 734 τῳ
137 650 298 738 ἐνήσομεν
328 651 392 720 011.
420 632 502 722 XII.
528 657 601 721 293.
632 656 707 721 401.
738 653 887 734 νήσοισιν
916 660 1114 742 ἐπιπροέηκα
1141 655 1221 722 XV.

62 742 138 806 299.
152 741 182 825 ²)
204 741 238 805 in
260 741 312 806 his
334 742 434 830 igitur
455 753 633 830 pronomen
655 745 810 810 omissum
827 744 975 828 dicimus,
1000 744 1090 830 quod
1104 754 1137 810 et
1153 767 1222 812 sae·

61 829 196 914 pissime
225 829 376 917 adjicitur
404 841 437 898 et
463 832 614 898 facillime
644 834 818 918 premitur,
848 835 941 918 quia,
969 833 1128 918 quidquid
1156 835 1224 922 agit

62 919 220 1003 quisque,
248 917 291 984 ad
318 942 353 985 se
376 922 582 1007 potissimum
605 921 718 1002 refert3
743 921 954 1008 similiterque
976 923 1010 987 in
1033 922 1131 989 rebus
1154 923 1222 988 ina-

61 1007 193 1072 nimatis
216 1008 442 1097 κοιταρῥάκται
463 1009 543 1098 ὑπὲρ
567 1013 631 1076 τῶν
654 1012 822 1077 σκοπέλων
845 1016 945 1089 ἱέντες
969 1010 1103 1077 Aristid.
1121 1011 1160 1076 Τ.
1177 1011 1221 1079 II.

62 1097 139 1160 344.
171 1095 190 1161 ὁ
220 1092 341 1180 άνεμος
371 1103 513 1180 καθίησι
541 1099 643 1164 Arist.
672 1099 757 1184 qu.
782 1101 857 1167 430.
888 1103 953 1185 πῦρ
982 1098 1095 1180 ἀνίησι
1123 1099 1221 1167 Paus.

60 1183 157 1250 VIII.
176 1185 228 1250 29.
273 1183 341 1252 Sed
364 1210 446 1272 quae
469 1189 538 1254 fere
561 1188 698 1254 eandem
721 1189 863 1275 speciem
885 1188 1008 1255 habent
1031 1189 1048 1254 ὁ
1071 1185 1224 1272 ποταμὸς

61 1271 166 1353 ἐξίησι
190 1273 335 1342 Herodo.
359 1275 386 1340 I.
411 1279 441 1342 6.
464 1302 495 1342 v.
518 1277 659 1343 Ellendt.
684 1275 727 1342 ad
748 1277 878 1342 Arrian.
901 1278 940 1342 Τ.
957 1279 983 1343 Ι.
1006 1302 1039 1364 p.
1056 1279 1131 1344 363.
1156 1278 1224 1344 sive

61 1363 215 1427 ἐκδίδωσι
244 1363 342 1430 Paus.
366 1365 426 1430 III.
451 1367 503 1431 24.
532 1368 600 1432 slve
629 1365 811 1432 ἀναδίδωσι
839 1366 906 1430 Dio
931 1365 1023 1432 Cass.
1049 1368 1103 1450 34,
1125 1368 1179 1432 49.
1192 1367 1222 1451 1)

61 1451 130 1517 sive
154 1449 306 1534 ἐκβάλλει
327 1453 427 1519 Diod.
449 1454 494 1519 ΙΙ.
518 1457 571 1521 48.
584 1456 613 1540 ³)
637 1455 705 1520 sive
728 1458 857 1540 προχέει
879 1454 1035 1541 Apollon.
1059 1456 1142 1542 Arg.
1161 1455 1222 1521 IV.

34 1617 37 1623 ,
62 1541 136 1606 135.
166 1539 202 1604 in
229 1541 280 1607 his
307 1541 407 1630 igitur
433 1542 593 1610 incertum
623 1551 673 1608 est
700 1552 808 1608 utrum
836 1543 885 1610 vis
915 1543 1151 1609 retransitionis
1180 1543 1223 1608 ad

58 1629 246 1716 subjectum
273 1630 391 1718 gliscat
420 1655 462 1697 an
491 1655 565 1698 oum
593 1633 667 1718 ipso
690 1631 831 1697 fluminis
854 1633 984 1699 nomine
1007 1633 1097 1698 notio
1121 1631 1223 1698 unda-

57 1741 135 1783 rum
165 1718 342 1803 cooriatur,
371 1743 469 1807 saepe
498 1722 554 1787 illa
580 1721 681 1790 verbo
711 1743 879 1808 expressa,
908 1725 977 1802 ίησι
1005 1718 1087 1807 ῥόον
1110 1719 1221 1807 Apoll.

52 1805 119 1874 IV.
152 1809 229 1872 634.
256 1808 300 1873 II.
331 1809 406 1875 356.
441 1807 479 1875 τὸ
514 1807 602 1899 ὕδωρ
629 1809 756 1878 Herod.
785 1809 862 1878 VII.
895 1812 967 1875 109.
982 1811 1009 1895 ⁴)
1067 1810 1119 1875 Ac
1152 1809 1223 1874 fieri

53 1904 240 1982 potestat
267 1897 384 1982 aliquis
413 1897 454 1965 de
483 1909 598 1964 neutro
630 1900 767 1986 cogitet,
797 1898 856 1964 sed
885 1899 987 1965 solam
1010 1906 1132 1981 motus,
1157 1920 1222 1982 quo

49 1985 167 2051 amnis
194 1986 414 2073 provolvitur,
448 1987 623 2078 imaginem
651 1989 714 2055 sihi
740 1989 941 2074 propositam
970 1987 1105 2071 habeat,
1140 2008 1222 2071 quae

48 2074 135 2161 ipsa
156 2097 216 2160 per
238 2097 273 2140 se
295 2077 438 2142 animum
459 2077 614 2143 intuentis
637 2077 683 2142 ita
705 2077 843 2163 impellit
864 2086 902 2143 ut
925 2075 1045 2163 objecti
1068 2076 1222 2164 cogitatio

48 2163 271 2246 obliteratur,
305 2165 579 2250 quemadmodum
606 2165 734 2249 Latini,
767 2167 796 2233 si
826 2166 940 2232 dicunt
967 2176 1055 2230 terra
1082 2168 1223 2246 morast)

47 2251 189 2318 nullum
216 2275 317 2318 unum
346 2278 450 2344 genus
478 2279 586 2322 rerum
615 2265 775 2321 motarum
804 2254 978 2343 designant
1007 2257 1092 2341 (quo
1116 2253 1224 2319 differt
1236 2274 1280 2322 190

47 2344 227 2407 Hannibal
253 2353 345 2408 aecta
374 2346 491 2430 morit)
521 2344 580 2411 sed
609 2344 672 2420 hoc
700 2343 887 2432 intelligunt
911 2354 1123 2410 terremotus
1147 2345 1222 2427 edit,

47 2430 112 2495 vel
136 2430 172 2495 in
195 2439 286 2497 motu
309 2440 366 2498 est.
405 2433 567 2500 Homines
589 2457 667 2500 vero
690 2456 791 2518 quum
814 2457 834 2498 a
856 2457 891 2499 se
910 2432 1130 2516 discesserint,
1152 2438 1222 2498 tum

46 2519 213 2606 proxima
235 2542 382 2606 quaeque
406 2524 506 2588 tacite
529 2523 762 2610 assignificant‚
785 2521 984 2609 gubernator
1005 2521 1088 2605 vela,
1110 2523 1224 2609 auriga

48 2607 225 2691 habenas,
258 2611 328 2675 tela
350 2611 523 2698 jaculator.
582 2612 713 2697 Itaque,
748 2620 786 2675 ut
836 2611 908 2676 lene
938 2610 1058 2675 dicitur
1086 2607 1224 2676 ἅπασαν

52 2696 163 2775 ήνίαν
193 2696 290 2785 ἀφεὶς
319 2704 366 2782 τῷ
393 2705 481 2784 ἵππῳ
509 2699 625 2788 Synes.
655 2699 718 2786 Ep.
751 2697 778 2764 C
831 2749 837 2764 .
869 2700 942 2764 245.
966 2729 972 2746 ·
993 2697 1146 2764 Philostr.
1179 2697 1221 2762 V.

52 2783 166 2872 Soph.
195 2786 239 2852 II.
265 2789 323 2871 22,
348 2791 378 2854 2.
409 2788 499 2866 άνεὶς
527 2794 573 2874 τῷ
603 2787 696 2872 δήμῳ
726 2783 786 2865 τάς
807 2787 905 2870 ἡνίας
926 2787 1015 2854 Plut.
1039 2785 1081 2852 V.
1104 2785 1221 2851 Pericl.

58 2897 91 2940 c.
115 2875 181 2942 XI.
206 2875 247 2941 cf.
273 2876 408 2946 Jacobs.
432 2878 474 2943 ad
496 2878 618 2945 Achill.
642 2900 675 2963 p.
692 2877 767 2942 873.
791 2885 825 2942 ε1
846 2879 974 2952 πλοίοις
995 2877 1110 2941 πάσαν
1134 2878 1223 2963 ἐφεὶς

57 2961 198 3042 ὀθόνην
221 2966 324 3032 Anth.
346 2966 384 3032 P.
409 2967 455 3032 X.
479 2991 511 3032 n.
529 2970 559 3032 1.
589 2966 687 3058 ἀφεὶς
709 2962 751 3031 τά
775 2969 864 3031 ἱστία
887 2967 933 3048 τῷ
955 2960 1120 3047 πνεύματι
1138 2963 1221 3029 Poll.

55 3050 89 3117 I.
116 3055 191 3120 107.
215 3052 363 3133 ἐνδόντες
385 3051 427 3120 τά
450 3059 540 3121 ἱστία
563 3067 633 3133 τοῖς
655 3053 789 3139 ἀνέμοις
811 3052 929 3120 suidas
951 3075 976 3120 s.
998 3053 1152 3135 Ἆνίντες,
1177 3052 1224 3117 ita

55 3163 130 3208 non
153 3141 267 3209 dubito
290 3144 508 3229 qumhorum
529 3143 763 3211 vocabulorum
786 3144 925 3210 obscure
948 3141 1152 3208 meminerint
1167 3139 1224 3226 qui
1245 3196 1248 3204 .
1272 3148 1276 3159 ’

139 3337 162 3402 ¹)
182 3327 252 3390 ³112...
275 3340 313 3394 ιιι
333 3338 462 3412 πίωσι,
486 3344 567 3395 σανα
590 3344 616 3394 a
639 3342 726 3405 aarum,
751 3343 871 3394 Philostr.
897 3344 943 3407 111.
968 3341 1015 3403 11,
1037 3343 1096 3392 115.
1121 3341 1148 3393 a
1170 3333 1224 3404 τὴν

58 3404 169 3477 Ῥώμην
192 3405 307 3480 ἀφήσων
324 3416 369 3465 IV.
390 3417 415 3478 3,
435 3415 495 3466 174.
515 3410 592 3482 ἀφεὶε
610 3407 660 3465 ἐπ’
678 3407 780 3466 Ἰωνίας
798 3407 813 3463 b
832 3407 928 3467 στύλοι
947 3415 1042 3464 Himer.
1063 3414 1107 3464 Or.
1126 3415 1159 3464 ll.
1180 3414 1222 3475 19,

66 3482 124 3534 338.
148 3485 194 3534 ubi
213 3477 325 3552 ἀφεθείς
343 3489 486 3552 corrigunt3
510 3485 547 3539 εἰς
571 3487 609 3536 ἕω
630 3479 746 3553 ἀφήσειν
763 3480 896 3552 μέλλομεν
914 3487 1014 3536 Heliod.
1035 3486 1078 3535 lV.
1100 3486 1142 3547 16,
1164 3485 1222 3535 162.

65 3546 161 3622 ἀφήσω
180 3548 251 3605 κατὰ
269 3549 333 3622 κῦμ’
353 3548 475 3624 ἐμαυτὸν
494 3549 588 3627 οὔριον
606 3559 685 3608 Arist.
704 3559 770 3622 qu.
790 3558 849 3608 433.
869 3559 936 3607 ande
955 3558 1105 3607 transfert-ur
1123 3558 1155 3606 ad
1173 3558 1223 3606 alia

66 3617 175 3694 ἀφιέναι
193 3627 240 3676 ίπὶ
257 3618 311 3692 τήν
329 3625 472 3679 πολιτείαν
489 3631 618 3681 Plutarch.
636 3631 740 3680 Praecc.
759 3630 821 3693 reip.
840 3630 871 3678 Τ.
889 3629 923 3678 11.
942 3628 1002 3678 804.

137 3711 163 3777 ²)
182 3708 329 3766 Εἰεδίδωσι
347 3725 373 3768 et
391 3710 521 3783 εἰσβάλλει
532 3720 643 3768 6111111111
659 3718 772 3767 Thomas
792 3732 812 3766 s.
829 3708 976 3779 Ἐκβάλλει.
1011 3708 1046 3764 Ἡ
1060 3705 1135 3782 πηγὴ
1153 3708 1223 3763 ἀνα-

66 3777 159 3835 δίδωσι
178 3787 286 3852 Dionys.
305 3790 377 3839 Antt.
396 3791 440 3840 Vl.
462 3790 503 3840 13.
523 3789 574 3840 Dio
595 3789 654 3841 Chr.
674 3789 732 3839 VII.
751 3787 810 3838 225.
830 3780 1113 3838 antibarensem.
1133 3787 1174 3836 43.
1188 3788 1222 3835 D.

65 3845 227 3908 ἀναδίδοται
244 3858 364 3911 Philostr.
384 3862 433 3925 Ap.
452 3862 472 3911 1.
494 3859 517 3911 6.

136 3940 163 4006 ⁸)
183 3945 294 3996 Codices
322 3939 446 4012 ίκβάλλει
473 3954 499 3997 et
527 3937 666 4011 ἐμβάλλει,
694 3946 770 3996 solita
796 3945 956 3997 aberratione
984 3962 1007 3996 v.
1034 3944 1160 3995 Tschnck.
1190 3943 1221 3993 ad

66 4014 145 4067 Strab.
165 4017 212 4066 XI.
233 4017 292 4067 371.
310 4017 415 4068 Jacobs.
434 4018 467 4068 ad
484 4019 603 4068 Philostr.
622 4034 647 4081 p.
662 4016 721 4067 445.

136 4097 162 4164 ⁴)
181 4104 224 4153 Ad
243 4103 326 4154 Strab.
346 4105 404 4154 XII.
425 4104 485 4154 544.
505 4096 520 4154 b
540 4094 615 4156 Ἅλυι
633 4099 736 4165 ἐξίησιν
754 4103 781 4155 br
799 4093 851 4152 τὸν
868 4095 984 4163 κόλπον,
1006 4072 1159 4152 scholiastes
1178 4099 1222 4149 ad·
1327 4166 1330 4170 Ι

66 4183 135 4226 notat
157 4169 332 4226 ίλλαιπτικῶε
353 4165 388 4224 τὸ
410 4166 492 4245 ὕδωρ.
530 4176 577 4226 His
600 4176 718 4226 omnibus
741 4177 847 4239 praeivit
865 4177 1004 4226 Homerus:
1026 4162 1153 4237 ποταμὸν
1177 4171 1223 4221 1πὶ

66 4248 144 4310 γαῖαν
163 4243 221 4310 ἵησι
239 4246 289 4297 od.
308 4247 354 4296 XI.
375 4246 434 4297 239.

135 4330 160 4396 ⁵)
179 4337 238 4386 Hoc
261 4336 340 4384 modo
364 4335 455 4384 Graeci
473 4351 525 4384 non
543 4336 693 4398 loquuntur3
717 4337 762 4386 sed
785 4336 867 4385 simile
886 4333 1011 4396 estquod
1029 4329 1112 4380 insani
1130 4343 1222 4400 παρα-

65 4407 156 4471 κινιὶν,
175 4409 202 4458 id
222 4413 263 4457 est
280 4407 438 4457 inordinatos
456 4414 541 4458 motas
560 4407 626 4457 ciere
645 4408 769 4457 dicuntur.
