2858 4964
209 330 242 383 94
649 324 924 382 COMMENTARIUS

208 511 306 564 τειος,
329 487 430 572 χωρὶς
458 490 485 550 εἰ
511 478 558 569 μὴ
586 474 666 551 ὦσιν
694 482 828 565 ἐθνικοὶ,
857 483 899 561 ὡς
929 479 977 551 τὸἸ
996 480 1157 561 Βοιώτιος
1168 483 1209 570 ¹),
1239 505 1282 549 ex
1303 481 1364 549 hoc

206 576 307 663 igitur
327 582 505 662 praecepto
529 575 752 662 cognoscitur,
769 578 838 662 jam
862 575 939 641 olim
962 573 1145 660 improbata
1168 595 1259 656 esse,
1283 596 1364 658 quae

207 672 337 731 nostros
359 664 460 731 libros
484 662 646 746 obsident,
670 669 699 729 οἱ
712 663 936 748 Ἡρακλοίτιοι
958 663 1067 730 Procl.
1091 663 1125 728 in
1147 659 1236 728 Orat.
1262 685 1295 748 p.
1315 665 1363 728 10.

208 759 238 820 οἱ
267 757 478 838 Λημοκρίτιοι
506 750 693 839 Olympiod.
723 753 757 817 in
780 753 854 818 Alc.
883 776 915 838 p.
941 755 992 820 92.
1023 752 1073 818 ed.
1105 749 1220 818 Creuz.
1249 753 1364 836 hisque

207 866 272 908 non
301 843 434 908 meliora
463 841 676 922 Σααρτοέκαοι
702 841 791 909 Plut.
817 839 932 928 Comp.
956 841 1032 907 Nic.
1064 865 1092 908 c.
1116 839 1227 908 Crass.
1252 863 1281 907 c.
1304 839 1363 906 111.

208 940 240 998 et
261 931 304 997 V.
328 932 444 1018 Pomp.
476 954 503 996 c,
529 931 665 995 XXXI.
699 929 888 1019 Ἰφιαροὶτιοι
911 931 1066 1018 Polyaen.
1089 930 1150 996 ΠΙ.
1175 933 1207 998 9.
1258 936 1364 997 Λασο-

207 1017 321 1106 μοέχιοι
341 1021 416 1086 VII.
439 1021 494 1085 25.
524 1042 606 1103 quae
631 1017 825 1086 Schaeferus
856 1028 889 1084 et
912 1015 1047 1087 Coraius
1079 1020 1242 1108 corrigere
1273 1041 1364 1105 prae·

207 1111 425 1192 termiserunt,
459 1107 652 1191 ‘Inuodaps'a
684 1107 984 1195 o’cyopoi'Andocid.
1010 1109 1036 1174 Ι.
1065 1133 1098 1196 p.
1123 1112 1153 1191 7,
1177 1109 1230 1174 45.
1260 1107 1362 1175 Bekls.

209 1209 270 1264 eto.
321 1196 389 1266 Sed
416 1199 497 1264 haec
526 1198 604 1262 vitia
627 1200 696 1284 jam
726 1198 759 1262 in
788 1196 857 1264 dies
888 1207 1065 1264 rarescunt.
1117 1197 1170 1263 De
1193 1198 1252 1280 iis,
1283 1219 1364 1282 quae

152 1304 196 1350 114
209 1287 335 1354 radices
365 1310 440 1354 suas
469 1289 502 1351 in
530 1288 627 1352 tertia
656 1285 872 1352 declinatione
901 1288 1036 1372 habent,
1065 1287 1145 1352 nihil
1170 1285 1365 1357 ‘adnotatum

157 1379 160 1385 ’
207 1377 272 1465 legi
295 1386 424 1464 praeter
447 1382 574 1442 curtum
597 1374 678 1440 illud
700 1376 810 1462 Etym.
833 1376 879 1441 M.
898 1401 930 1463 p.
949 1380 1024 1461 226,
1048 1379 1101 1443 48.
1130 1375 1219 1460 quod
1241 1374 1287 1440 ad
1308 1399 1364 1440 no·

207 1467 294 1535 mina
321 1468 355 1530 in
386 1470 430 1530 om
459 1465 609 1531 exeuntia
634 1465 782 1551 pertinet.
836 1465 965 1531 Horum
993 1467 1058 1533 duo
1082 1489 1202 1554 genera
1224 1487 1364 1530 comme·

207 1564 323 1638 morat,
345 1556 505 1642 berytona
528 1564 561 1619 et
583 1555 822 1640 perispomena,
846 1577 928 1640 quae
953 1557 981 1622 si
1003 1579 1063 1642 per
1083 1559 1124 1619 a?
1153 1553 1364 1636 declinentur,
1390 1637 1392 1641 y

208 1644 367 1732 adjectiva
382 1646 415 1709 in
433 1649 496 1719 ἐἶιῖς
510 1644 685 1725 terminari,
710 1641 928 1729 δρακόατειος,
951 1641 1195 1735 ξενοφώατειος,
1220 1643 1362 1729 exceptis

207 1735 347 1821 propriis
371 1743 408 1800 ut
430 1730 603 1810 Λεόντιος.
653 1731 717 1797 His
740 1734 887 1819 proxime
911 1731 1078 1822 subjungit
1100 1725 1187 1814 πλὴν
1209 1736 1271 1798 τοῦ
1295 1735 1364 1798 Πο-

208 1827 337 1901 σειδῶν,
369 1823 596 1902 Ποσειδῶνος,
625 1844 664 1886 ex
688 1843 752 1906 quo
775 1830 866 1908 patet
889 1823 1050 1890 excidisse
1073 1821 1196 1907 aliquid
1219 1820 1261 1887 de
1284 1820 1365 1907 peri·

209 1912 371 1998 spomenis
403 1934 483 1997 pure
515 1909 703 1991 declinatis,
735 1912 825 1991 Θῶν,
862 1915 992 2004 Τιαρῶν,
1017 1916 1115 1995 ταῶν,
1139 1933 1280 1997 quorum
1303 1908 1364 1975 duo

207 2009 371 2087 postrema
398 2022 485 2065 nunc
516 1999 646 2086 quidem
674 1999 767 2065 aliter
796 2000 896 2066 scribi
918 2001 1040 2085 solent,
1071 2000 1129 2066 sed
1152 2024 1172 2064 a
1196 1997 1365 2066 Gramma

207 2089 280 2154 ticis
310 2111 383 2154 cum
413 2093 586 2154 Ποσειδῶν
616 2098 855 2174 componuntur
883 2098 919 2155 ut
948 2089 1063 2156 eodem
1080 2098 1229 2168 ¹accentu
1257 2095 1367 2154 notata

171 2214 173 2217 ·
209 2202 238 2245 v.
263 2177 373 2263 Etym.
397 2177 445 2241 M.
464 2179 546 2258 -749,
570 2179 622 2244 20.
647 2177 767 2243 Arcad.
793 2203 825 2264 p.
846 2181 895 2244 16.
924 2181 973 2245 10.
991 2182 1019 2264 ²)
1057 2178 1188 2245 Deinde
1210 2177 1299 2243 idem
1314 2177 1365 2241 ille

209 2265 326 2348 docet,
339 2289 360 2330 a
379 2265 557 2351 barytonis,
581 2288 663 2349 quae
687 2291 747 2351 per
771 2273 832 2345 io}
854 2266 1068 2348 declinentur,
1093 2267 1230 2334 eandem
1260 2265 1366 2332 termi-

147 2422 150 2428 ,
208 2356 372 2420 nationem
403 2355 556 2437 existere,
591 2354 806 2446 τρυφώαειος,
843 2353 1016 2437 decianae,
1051 2358 1196 2444 exceptis
1228 2356 1365 2433 duobus,

209 2442 411 2521 ἁπολλώνιος
446 2453 478 2509 et
506 2441 690 2530 ἀμμώαιος,
724 2467 863 2530 quorum
892 2454 1000 2512 tamen
1028 2446 1184 2512 feminina
1211 2445 1292 2511 illuc
1319 2467 1366 2510 re·

208 2533 311 2616 volvi,
341 2531 547 2598 άαολλωαεία
575 2531 689 2616 βάξις,
717 2533 888 2619 appamia
919 2533 1201 2624 prium-fortasse
1232 2543 1367 2621 propter

208 2623 329 2708 topica,
352 2622 565 2705 Ἀπολλωνία,
587 2621 765 2704 Aspavia.
812 2620 905 2705 Quae
930 2626 1049 2691 omissa
1073 2625 1206 2692 suntin
1229 2624 1294 2690 hoc
1319 2645 1366 2688 ca·

207 2735 304 2791 none,
328 2719 442 2798 postea
466 2709 711 2799 explicabimus,
735 2712 762 2777 si
786 2710 826 2777 de
849 2715 1024 2799 propositis
1045 2722 1246 2782 transactum
1260 2712 1365 2779 fuerit.

208 2941 351 3001 ἀθάνατος
374 2949 419 2996 καὶ
440 2940 590 3031 ἀμβρόσιος
613 2940 748 2998 σύνθετα·
768 2948 835 3010 (imo
854 2940 1030 3011 Ἀθανάαιοα,
1050 2940 1244 3010 Hecataeone,
1266 2939 1366 2998 Θεοδό-

209 3035 273 3081 σιος,
294 3011 451 3087 ἔμβροαιος,
472 3011 619 3087 ακηράσιοο
638 3028 686 3071 etc.
706 3009 763 3068 ἀπὸ
783 3017 965 3080 σονθέτωα).’

283 3111 305 3174 ¹)
329 3115 383 3164 Nee
410 3121 553 3178 repugnant
574 3104 643 3165 Ζεὺς
670 3107 764 3180 priscos
793 3103 929 3176 et'Apvoi
953 3116 1036 3181 φυτία
1059 3113 1106 3175 (de
1133 3115 1220 3164 Diana
1248 3115 1367 3165 falluntur

208 3183 405 3249 Lexicogrsphi)
425 3187 484 3248 quia
502 3187 607 3234 deorum
627 3187 738 3250 epitheta
756 3193 815 3235 sunt
832 3187 942 3250 propriis
962 3187 1088 3248 aequalia,
1108 3201 1218 3250 quorum
1237 3187 1302 3236 iliud
1320 3202 1365 3253 φο-

208 3248 336 3319 adipson,
360 3257 409 3306 hoe
433 3257 555 3318 fortasse,
579 3258 601 3306 si
623 3273 639 3306 a
660 3257 838 3307 Phaestiorum
862 3258 953 3307 sabulis
978 3258 1091 3320 abimus,
1113 3251 1307 3326 κουροτρόφον
1325 3253 1367 3319 (id

210 3328 276 3376 euim
301 3327 416 3376 Latonae
440 3324 599 3390 cognomen)
623 3330 675 3378 sive
698 3328 787 3378 almam
809 3329 947 3392 signifieat,
975 3329 1045 3378 nullo
1069 3329 1147 3378 modo
1170 3318 1225 3391 τὴν
1247 3326 1366 3387 Πυθίαν,

209 3399 276 3460 quod
297 3397 466 3461 Goettiingius
491 3399 523 3447 ad
547 3401 632 3449 Anon.
653 3399 750 3449 Oecon.
769 3415 795 3464 p.
815 3399 873 3448 1¹0.
902 3399 978 3450 Ottsr.
1001 3401 1124 3450 Muellero
1150 3401 1294 3465 improvide
1318 3413 1367 3450 ore·

209 3470 284 3531 didit;
311 3471 407 3519 scilicet
435 3471 495 3533 quia
518 3468 596 3519 Siculi
623 3463 708 3536 κύτρα
730 3487 776 3527 pro
797 3463 884 3537 χύτρα
908 3473 1039 3533 dixerunt,
1067 3473 1160 3521 iccirco
1185 3473 1263 3522 etiam
1286 3463 1368 3539 pricos

207 3556 253 3605 pro
276 3533 369 3591 πόθος
392 3549 417 3590 et
435 3542 532 3604 quidvis
552 3542 602 3591 dici
620 3556 697 3606 posse
715 3544 861 3591 sumemus?
885 3543 908 3592 A
928 3535 1045 3610 στρατός
1064 3543 1277 3607 andronymIcnm
1297 3543 1368 3606 flngi·
1417 3583 1418 3587 ,

208 3621 248 3663 tur
266 3604 402 3680 Στράτιος
424 3614 464 3662 vel
482 3613 620 3680 Στρατίος
643 3619 669 3662 st
686 3615 872 3677 comparativus
892 3606 1099 3682 στρατιώταρος,
1119 3629 1198 3676 quem
1217 3629 1251 3664 ex
1269 3615 1367 3665 aeolico

208 3692 285 3748 poeta
303 3686 376 3735 affert
394 3683 591 3734 Choeroboscus
610 3684 709 3734 Anecd.
728 3700 753 3748 p.
770 3684 847 3734 1340.
890 3685 1031 3735 Positivum
1049 3701 1101 3735 non
1119 3686 1201 3749 magis
1221 3686 1275 3750 legi
1294 3700 1369 3751 quarn

207 3748 313 3824 φύτιοο,
341 3758 441 3819 praeter
469 3756 598 3819 epitheton
625 3743 695 3804 Ζεὺς
721 3747 863 3823 Στράτιος.
908 3755 1015 3807 Photius
1039 3748 1187 3822 Στράτιος·
1217 3746 1299 3826 Ἄρηα
1326 3755 1369 3804 καὶ

207 3829 332 3896 Στρατία
345 3820 459 3888 Ἀθηνᾶ,
480 3819 496 3888 ἡ
517 3819 629 3890 δευτέρα
646 3827 769 3890 βραχεῖα,
791 3842 823 3876 ex
843 3842 893 3890 quo
913 3829 1093 3892 corrigendum
1107 3819 1216 3890 Ἀθηνᾶ
1229 3829 1370 3896 Στραταία

128 3959 130 3962 ,
206 3901 312 3950 Lucian.
332 3896 660 3948 Dia1.Meretr.1x.234.
696 3899 768 3947 idem
785 3899 852 3948 valet
870 3899 902 3947 de
917 3891 1029 3950 Ὑέτιος.
1068 3891 1184 3960 [discor
1202 3915 1300 3950 nomen
1313 3915 1370 3964 pro·

205 3974 288 4038 prium
313 3978 351 4021 est
364 3969 469 4101 ,Athpn
491 3969 523 4017 11.
551 3968 593 4018 35.
618 3969 649 4017 B.
672 3968 775 4033 p.115.
798 3962 972 4034 μαλααααίουε
994 3970 1095 4039 πέτρας
1117 3977 1195 4035 poeta
1219 3973 1246 4022 in
1269 3971 1369 4022 Aneed.

205 4045 260 4095 lnd.
281 4060 302 4094 s.
325 4033 362 4090 Tol
380 4057 418 4092 us.
1244 4056 1246 4059 '

280 4128 304 4195 ⁹)
326 4121 478 4196 Pupuivasos
500 4124 628 4175 Plutarch.
652 4127 684 4175 de
706 4127 740 4176 Is.
764 4141 785 4176 c.
804 4127 899 4178 XLIII.
921 4126 980 4178 163.
1003 4120 1138 4194 vapaimoc
1160 4143 1184 4180 c.
1203 4129 1289 4180 LXII.
1310 4127 1370 4179 189.

206 4203 295 4267 Synes.
319 4203 395 4252 Pror.
414 4201 448 4251 11.
474 4195 534 4248 124.
554 4195 584 4246 C.
604 4204 651 4246 ete.
675 4189 811 4248 ’ταώνιοο
832 4198 934 4249 Lexieis
961 4200 1058 4250 addidit
1081 4200 1254 4250 Schneiderus
1284 4202 1371 4251 demto

206 4283 321 4335 auetore3
344 4275 409 4323 haec
431 4287 477 4336 per
494 4266 556 4319 ἓῖόξ
575 4267 709 4317 scribenda
732 4283 789 4318 esse
812 4271 954 4333 colligimus
978 4285 1010 4320 ex
1028 4272 1176 4336 Etymologi
1193 4273 1279 4322 verbis
1298 4261 1372 4334 πλὴν

206 4345 257 4393 τοῦ
276 4337 429 4394 Ποσειδῶν.
467 4338 628 4406 [Τεμμίκιον
651 4329 722 4386 ἄστυ
745 4339 832 4403 Steph.
855 4356 879 4405 p.
900 4340 959 4390 615.
985 4342 1064 4393 Mein.
1090 4334 1243 4396 Ταντάλους
1261 4343 1371 4396 Anthol.

207 4415 239 4464 V.
259 4416 318 4464 236.
355 4402 751 4481 Ἀγαμεμνοαέη-Ποὸαλαιρείη
769 4411 804 4462 ib.
823 4411 869 4462 lx.
890 4408 963 4473 631]
