2858 4964
431 321 477 375 11>
495 321 595 389 SOPH.
614 320 659 376 Al.
697 323 728 377 V.
742 323 899 379 224-231.
1193 327 1244 386 145

87 475 147 543 sed
176 497 235 541 our
257 467 444 564 Aeschylus
466 477 576 544 Prom.
599 479 674 544 592.
705 478 804 545 delo
834 480 952 547 dixerit
967 477 1062 571 Ἥρα
1084 481 1247 570 στυγητὸς

85 560 169 658 πρὸς
191 567 272 647 βίαν
295 563 503 651 γυμνάζεται,
525 568 633 633 minus
655 577 799 654 apparet.
886 580 890 584 ”
1342 594 1344 598 ·

175 652 219 718 V.
243 655 317 722 225.
369 658 510 720 Δαναῶν
535 652 600 721 ὕετο
629 660 839 740 κληζομεναν.
896 657 1048 742 Plerique
1083 659 1177 725 codd.
1214 669 1246 726 et

85 741 164 807 Ald.
187 741 474 827 ὑποκληζομίναν,
504 743 594 829 quod
612 753 645 809 ct
667 724 786 813 baidus
809 747 843 811 in
865 746 1013 813 Lexicon
1036 749 1161 831 retulit,
1185 751 1246 815 etsi

85 828 198 897 Schol.
223 831 360 917 simplex
382 834 582 923 κλῃζομίναν
604 834 834 921 interpretatur
857 837 1094 923 φημιζομένην.
1138 837 1243 903 Paris.

84 919 128 985 D.
153 928 188 986 ct
211 917 305 1006 Cant.
327 916 392 987 ὕπο
415 922 625 1009 κλγζομίναν,
650 923 740 1008 quod
761 926 880 1010 recepi.
926 925 988 990 En.
1011 924 1068 990 Pu.

176 1007 219 1073 V.
237 1010 310 1074 226.
363 1004 434 1075 Τάν
458 1008 476 1074 ὁ
499 1016 611 1095 μέγας.
657 1011 868 1100 Musgravius
897 1014 931 1078 in
961 1015 1126 1099 superiore
1149 1037 1247 1080 versu

85 1096 148 1163 τάν
171 1093 335 1181 μεγάλων,
358 1098 392 1162 in
414 1097 479 1162 hoc
501 1098 707 1184 παντομιγής
730 1102 829 1168 scribi
850 1104 936 1183 vult3
966 1102 1120 1168 Reiskius
1142 1097 1204 1168 τάν
1228 1103 1302 1187 6175

83 1183 186 1271 μιγάς
209 1185 298 1270 quod
321 1187 537 1274 (etiamnunc)
554 1187 675 1255 arridet
689 1190 824 1271 Bothio;
849 1191 907 1258 sed
921 1192 1088 1257 laboratur
1108 1193 1245 1270 frustrat
1273 1224 1275 1228 ·

83 1281 190 1359 μέγας
230 1273 335 1358 μόρος
375 1273 521 1362 Choeph.
555 1280 630 1344 478.
669 1284 772 1363 μέγας
813 1282 941 1368 δαίμων
973 1284 1038 1363 καλΙ
1062 1277 1248 1365 βαρύμηνις
1333 1283 1337 1290 ’

84 1364 208 1451 Agam.
236 1365 330 1428 1492.
362 1388 465 1451 prope
493 1365 656 1431 accedunt
684 1367 726 1433 ad
754 1370 1024 1456 significationem
1046 1373 1104 1434 τοῦ
1128 1371 1247 1450 δεινοῦ,

84 1463 118 1518 et
149 1451 239 1537 quod
262 1474 362 1539 supra
384 1479 414 1518 v.
434 1455 506 1519 173.
536 1455 657 1542 legitur
685 1454 815 1541 μεγάλα
838 1455 948 1546 ιχάτις,
970 1456 1005 1521 1(1
1028 1478 1158 1522 omnem
1181 1457 1247 1522 exi-

83 1543 146 1607 mit
168 1540 416 1607 dubitationem.
461 1542 522 1608 En.
547 1544 603 1608 Pr.
868 1588 870 1590 -

174 1629 219 1695 V.
237 1632 311 1696 229.
336 1632 411 1698 230.
462 1629 503 1697 O'r‘
522 1657 580 1715 μοι
604 1675 645 1682 -
668 1635 744 1720 περί
773 1656 872 1718 αντος
894 1628 979 1714 ἀνὴρ
1005 1635 1161 1697 θανεῖται
1183 1656 1247 1697 αα·

83 1717 265 1802 ραιτλήκτῳ
285 1723 356 1806 χερὶ
380 1716 616 1803 σνγκατακτάς.
663 1657 770 1809 Apud
788 1719 913 1788 Suidan
936 1743 962 1785 s.
993 1716 1040 1784 'l‘d
1063 1725 1247 1804 προςέριτον

83 1807 206 1895 legitur
235 1803 335 1891 ρ’ίμοι,
363 1817 400 1873 ut
430 1809 464 1894 in
492 1808 613 1874 Dresd.
645 1811 705 1892 Α.,
737 1804 762 1874 ὀί
791 1834 848 1893 μοι
872 1808 943 1873 eod.
968 1809 1006 1872 Γ.
1033 1811 1247 1895 Περίφαντος

84 1892 173 1979 ἀνήρ
202 1895 279 1977 hinc
308 1895 401 1962 affert
428 1898 621 1986 Eustathius
639 1917 675 1984 p.
698 1900 777 1979 927,
808 1898 837 1962 3.
867 1896 1006 1962 Bothius
1036 1894 1122 1981 ἁνήρ
1146 1894 1248 1960 edidit

84 1993 124 2050 ut
145 1984 356 2061 Hermannus
378 1987 643 2073 praescripserat.
682 1984 859 2071 Sequentia
878 1981 1104 2072 παραιτλήκτῳ
1118 2026 1158 2034 -
1172 2007 1247 2066 συγ·

85 2071 256 2150 κατακτάς
290 2075 426 2160 apponit
455 2072 574 2142 Suidas
604 2097 630 2139 s.
662 2077 897 2159 Παραπλῆγες.
954 2073 1114 2139 Vitiosum
1148 2072 1248 2138 inter·

84 2163 310 2248 punctionem,
333 2185 399 2248 qua
423 2167 580 2229 θανεῖται
599 2166 671 2247 χερί
686 2165 881 2250 jungtmtur,
903 2162 1036 2228 retinuit
1051 2161 1247 2245 Brunokius,

87 2252 323 2336 quamvisjam
348 2251 424 2315 olim
448 2275 467 2315 a
490 2249 656 2336 Stephano
680 2252 882 2339 castigatam.
926 2251 987 2316 Eu.
1011 2251 1069 2318 Pu.

176 2339 219 2404 V.
237 2340 311 2404 231.
359 2341 535 2416 Κελαιναῖς
563 2337 682 2428 ξίφεσι.
727 2341 853 2406 Eadem
879 2341 1005 2405 numeri
1028 2340 1175 2427 enallage
1198 2339 1249 2404 usi

88 2435 165 2494 sunt
187 2425 348 2492 Pindarus
371 2427 410 2491 P.
433 2427 493 2493 IV.
517 2429 593 2493 431.
636 2428 761 2513 Φρίξον
783 2427 956 2515 μάχαιραι,
978 2428 1247 2513 Euripides-Ion.

91 2503 164 2584 191.
193 2512 300 2599 ὕδραν
329 2519 451 2598 ἐναίρει
476 2527 615 2604 χρυσαῖς
645 2513 781 2601 ἅρπαις,
811 2518 969 2583 Manetho
997 2517 1024 2580 1.
1055 2519 1130 2582 316.
1161 2539 1249 2604 σφα-

89 2608 172 2688 γίοις
201 2603 330 2693 ξίφεσιν
360 2606 588 2688 ὃεὸαϊγμίνος;
615 2606 694 2671 item
723 2605 1171 2692 aliorum'instrumentorum
1193 2627 1250 2668 ro·

90 2691 205 2758 cabula
234 2692 402 2783 plrgaliter
430 2703 644 2778 usurpantur,
672 2691 802 2776 βάκτρα
831 2695 917 2760 Eur.
942 2694 1042 2760 Hero.
1070 2695 1141 2758 108.
1172 2696 1250 2771 σκῆ-

89 2805 175 2865 ιιτρα
205 2781 323 2869 Agam.
352 2783 445 2846 1266.
477 2779 617 2864 ἀγκάλαι
645 2779 729 2847 Oed.
758 2783 797 2848 Τ.
825 2785 919 2848 1227.
966 2782 1061 2846 Haec
1088 2781 1156 2846 sive
1183 2780 1250 2845 for·

89 2870 170 2935 tuito
200 2869 268 2956 sive
299 2892 337 2935 ex
363 2870 492 2936 occulta
514 2870 654 2955 quadam
677 2871 801 2937 ratione
823 2894 1003 2979 paucorum
1026 2868 1249 2955 exemplorum

89 2957 208 3025 finibus
239 2959 461 3042 continentur,
492 2967 579 3025 certe
608 2982 627 3023 a
654 2959 771 3045 plurali
794 2958 954 3042 τατόξα,
983 2959 1038 3043 qui
1056 2961 1125 3045 jam
1148 2957 1248 3044 vulgo

92 3069 150 3133 pro
183 3047 340 3134 singulari
369 3047 509 3132 obtinet,
543 3047 699 3136 distingui
728 3057 865 3136 oportet.
922 3048 1111 3132 Eademque
1142 3047 1249 3112 cautio

91 3135 274 3201 adhibenda
288 3137 468 3220 vocabulis,
489 3138 607 3222 quibus
625 3146 733 3222 partes
750 3138 896 3225 corporis
912 3137 1150 3225 significantur3
1174 3159 1250 3200 narn

92 3227 179 3290 λαιοὶ
206 3226 382 3313 βραχίονες
410 3226 489 3291 Eur.
513 3226 661 3292 Phoenn.
688 3229 782 3293 1143.
812 3228 880 3292 sine
910 3226 1008 3292 dubio
1037 3226 1135 3312 longe
1158 3235 1250 3290 nota-

91 3312 187 3380 bilius
216 3323 267 3380 est
295 3337 393 3399 quam
421 3314 511 3400 quod
539 3315 596 3380 uni
617 3315 741 3399 homini
761 3317 949 3401 tribuuntur
970 3311 1143 3399 ιιρόςιοιια,
1174 3311 1250 3380 στό-

91 3428 180 3484 ματα
211 3401 425 3488 [στομάτεσσι
448 3404 561 3469 Nonn.
577 3403 655 3470 VII.
681 3405 769 3492 285]
803 3408 934 3490 λαιμοί,
964 3401 1090 3486 στήθη,
1120 3408 1251 3487 στέρνα,

91 3489 297 3581 μετάφρενα,
327 3493 433 3574 νῶτα,
460 3516 527 3558 non
554 3516 574 3558 a
601 3493 707 3579 poetis
738 3493 845 3560 solum
873 3491 931 3560 sed
960 3493 1012 3558 vel
1038 3491 1073 3576 in
1102 3511 1250 3556 sermone

23 3627 71 3646 ...
91 3580 233 3668 vulgari,
264 3578 363 3672 λόγχῃ
389 3583 532 3665 βληθεὶς
556 3587 599 3658 ελς
623 3580 665 3647 τὰ
688 3589 807 3668 στέρνα
829 3582 968 3668 Dionys.
993 3580 1086 3647 Antt.
1108 3579 1173 3646 IX.
1201 3582 1250 3646 ll.

92 3691 122 3754 p.
144 3671 242 3734 1766.
281 3667 418 3748 ἀνοίξας
447 3665 506 3735 τὸν
534 3673 658 3758 ταῦρον
687 3667 771 3736 κατά
801 3666 843 3737 τά
871 3674 961 3738 νῶτα
989 3668 1126 3734 Lucian.
1156 3667 1250 3733 Phal.

92 3755 143 3822 Pr.
179 3759 209 3843 ᾗ.
240 3760 291 3823 11.
326 3782 360 3844 p.
388 3759 440 3823 51.
476 3759 515 3824 Τ.
531 3758 574 3824 V.
610 3768 681 3836 τοῖς
714 3763 933 3851 μεταφρένοις
966 3757 1070 3824 αὑτοῦ
1096 3756 1250 3822 Philostr.

92 3844 203 3912 Iconn.
227 3844 253 3910 I.
280 3848 333 3929 26,
357 3848 431 3914 801.
456 3855 518 3913 etc.
547 3855 580 3913 et
601 3848 758 3914 nonnulla
780 3849 876 3935 hujus
899 3848 1028 3935 generis
1051 3848 1085 3912 in
1107 3846 1171 3910 hoc
1191 3867 1253 3909 nu-

92 3958 178 4001 mero
208 3935 277 4000 fere
306 3935 372 4000 fixa
400 3944 491 4019 sunt,
520 3944 557 4002 ut
580 3932 622 4002 τά
647 3924 738 4016 οὖλα,
762 3936 851 4023 quod
874 3937 980 4003 solum
1001 3933 1140 4022 probare
1162 3931 1252 3996 vide-

93 4031 141 4089 tur
168 4023 291 4089 Pollux
312 4023 355 4089 Π.
387 4026 439 4090 94.
468 4024 527 4091 sed
555 4021 593 4090 τὰ
623 4016 724 4091 οὖλον
753 4027 852 4115 Diog.
884 4024 960 4092 VH.
994 4026 1066 4090 176.
1096 4029 1128 4088 et
1160 4018 1253 4084 latini

93 4113 278 4198 promiscue
301 4117 435 4196 μίαςῖεσ
458 4122 491 4180 et
512 4117 674 4197 μίαςῖοοι,
697 4118 732 4179 αἱ
756 4112 968 4200 ὠμοπλάται,
996 4121 1033 4178 ut
1055 4107 1142 4196 apud
1162 4107 1253 4173 Lati-

94 4223 149 4268 nos
179 4205 350 4284 scapulae,
382 4207 413 4268 οί
435 4201 631 4288 μνξατῆρες,
654 4207 686 4269 οῖ
709 4200 879 4288 ῥιίθιινες,
900 4223 1016 4283 norea.
1031 4195 1253 4288 trisicalio,

95 4288 132 4354 τὰ
154 4289 274 4376 μήδεα,
297 4287 340 4357 τά
362 4297 471 4375 γένεα,
495 4294 620 4381 ἔντερα,
643 4289 772 4376 νήόνια,
792 4297 862 4376 ilia,
878 4294 1047 4365 intestino,
1065 4283 1254 4372 [pammach

95 4377 131 4444 toi
159 4376 320 4458 κάλλαια,
350 4384 385 4444 αἱ
414 4377 563 4466 λαγόνες,
594 4385 629 4447 αἱ
658 4385 853 4472 γαμφηλαί,
883 4380 976 4467 cujus
1004 4397 1085 4442 usus
1108 4373 1255 4461 exempla
1267 4391 1311 4440 176

126 4485 241 4550 βομλοσί.
261 4486 333 4537 Δίαν.
350 4485 398 4538 Ed.
411 4486 438 4537 3.
596 4479 608 4499 ‘
838 4524 841 4540 ,
1074 4483 1105 4530 10
