2850 4956
665 324 932 378 ΣΌΦΟΚΛΕΟῬΣ

676 501 921 552 ΟΔῬΣΣΕῬΣ

374 584 416 652 Τί
437 581 501 672 γάρ
525 583 556 651 σ’
577 585 724 671 ίδρασεν,
748 580 830 650 ὥστε
854 587 909 649 καὶ
931 578 1064 666 βλάβην
1087 582 1186 666 ἕχεινς

650 716 947 768 ΑΓΑΜΕΜΝΩΝ

222 805 306 869 1300
375 797 422 866 Οό
445 797 525 890 φησ’
546 796 654 866 ἐάσειν
677 795 772 864 τόνδε
795 794 854 864 τόν
871 792 993 885 ,νεκρόν
1016 799 1126 885 ταφῆς

287 884 289 898 ’
370 900 520 992 άμοιρον,
544 898 630 970 ἀλλά
652 899 735 988 πρὸς
757 904 837 987 βίαν
860 900 991 989 θάφειν
1013 903 1103 988 ἐμοῦ.

676 1036 922 1088 ΟΔῬΣΣΕῬΣ

363 1119 508 1200 ’Ἔξεστιν
532 1110 591 1186 οὖν
614 1117 737 1186 είπόντι
759 1118 898 1201 τάληθῆ
920 1120 1015 1209 φίλῳ,

371 1228 426 1291 σοὶ
447 1226 549 1311 μηδὲν
572 1214 677 1304 ἧσσον
700 1218 721 1304 ἢ
743 1221 850 1308 πάρος
872 1223 1095 1307 ξανηρετμεῖν;

652 1347 947 1399 ΑΓΑΜΕΜΝΩΝ

370 1429 465 1497 Είπ’·
491 1421 514 1511 ἦ
535 1424 599 1518 γάρ
624 1430 693 1511 ε’ίην
715 1429 774 1496 οίικ
797 1425 840 1497 άν
863 1420 898 1496 εὖ
921 1431 1065 1518 φρονῶν,
1089 1429 1157 1492 ἐπεὶ

223 1537 306 1601 1305
372 1537 473 1625 φίλον
495 1533 526 1601 σ’
547 1529 608 1618 ἑγῶ
630 1539 786 1620 μέγιστον
807 1534 959 1620 Ἀργείων
981 1537 1077 1617 νέμω.

679 1655 921 1709 ΟΔῬΣΣΕῬΣ

368 1739 478 1808 Ἄκουε
501 1764 575 1808 νυν·
598 1737 658 1806 τόν
681 1736 789 1823 ἄνδρα
812 1738 915 1819 τόνδε,
938 1735 1021 1822 πρὸς
1043 1742 1144 1818 θεῶν,

369 1842 415 1931 μὴ
439 1847 514 1936 τλῇς
538 1840 700 1912 άθαπτον
723 1835 783 1910 ὧδ’
805 1841 997 1928 ἀναλγήτως
1019 1845 1150 1928 βαλεῖν·

370 1948 452 2036 μηδ’
472 1949 493 2030 ἡ
515 1951 576 2034 βία
599 1972 635 2015 σε
658 1951 818 2037 μηδαμῶς
840 1944 1004 2029 νικησάτω

371 2050 508 2120 τοσόνδε
530 2065 649 2138 μισεῖν,
672 2051 755 2121 ῶστε
777 2049 838 2134 τὴν
861 2055 956 2134 δίκην
977 2065 1102 2119 πατεῖν.

223 2160 307 2223 1310
372 2155 472 2243 κάμοὶ
495 2153 559 2244 γάρ
582 2148 624 2239 ἦν
647 2156 737 2224 ποθ’
758 2149 853 2235 οὗτος
876 2160 1032 2243 ἔχθιστος
1055 2157 1207 2242 στρατοῦ,

371 2257 405 2340 ἐξ
429 2252 469 2327 οὗ
494 2260 648 2345 ’κράτησα
672 2265 736 2328 τῶν
756 2262 940 2349 Ἀχιλλείων
963 2257 1082 2329 ὅπλων.

255 2373 266 2386 “
371 2362 444 2429 ἀλλ’
465 2361 568 2430 αὐτόν
590 2370 696 2452 ίμπας
719 2361 788 2432 ὅντ’
809 2361 870 2449 ἐγῶ
894 2362 1021 2433 τοιόνδ’
1041 2356 1126 2449 ἐμοὶ,

373 2463 491 2534 οὔκουν
515 2467 711 2556 ἐπαινέσαιμ’
732 2464 782 2549 ῶν,
805 2467 887 2536 ὥστε
909 2465 955 2557 μὴ
979 2473 1083 2552 λέγειν

372 2570 416 2637 ἕν’
438 2567 536 2659 ἄνδρ’
556 2576 636 2640 ῖδεῖν
658 2570 796 2661 άριστον
817 2574 980 2661 Ἀργείων,
1005 2569 1078 2640 ὅσοι

184 2735 188 2741 ,
224 2676 307 2741 1315
378 2679 503 2760 Τροίαν
525 2675 754 2767 ἀφικόμεσθα,
777 2673 864 2759 πλὴν
884 2677 1060 2764 Ἀχιλλέως.

274 2854 275 2857 ¹
371 2775 447 2845 ὥστ’
468 2780 527 2847 οὐκ
550 2774 592 2847 σ’ίν
615 2784 747 2860 ἐνδίκως
769 2780 799 2866 γ’
820 2779 1014 2865 ἀτιμάζοιτό
1038 2805 1100 2848 σοι.

371 2881 411 2950 οὐ
432 2881 497 2970 γάρ
520 2910 552 2950 τι
574 2888 701 2967 τοῦτον,
725 2881 811 2953 ἀλλά
833 2881 912 2963 τοὺς
933 2887 1025 2952 θεῶν
1048 2882 1170 2971 νόμους
1232 2935 1236 2942 -

372 2988 529 3074 φθείροις
552 2982 608 3053 άν·
633 2987 741 3079 άνδρα
763 2989 798 3056 δ’
818 2989 858 3057 οὐ
880 2992 1017 3068 δίκαιον,
1040 2996 1068 3056 εί
1090 2987 1204 3068 θάνοι,

371 3086 530 3170 βλάπτειν
552 3086 611 3157 τόν
634 3089 769 3173 ἐσθλόν,
793 3092 868 3160 οὐδ’
888 3088 948 3161 δάν
969 3097 1075 3180 μισῶν
1096 3096 1202 3187 κνρῇς.

653 3217 949 3272 ΑΓΑΜΕΜΝΩΝ

224 3294 309 3358 1320
372 3291 430 3361 Σο)
451 3293 555 3375 ταῦτ’,
576 3295 742 3378 Ὀδυσσεῦ,
764 3299 859 3367 τοῦδ’
878 3301 1075 3389 ὑπερμαχεῖς
1097 3305 1190 3386 ὲμοίς

676 3421 921 3476 ΟΔῬΣΣΕῬΣ

366 3493 501 3584 Ἐγωγ’·
525 3503 660 3585 ἐμίσουν
683 3501 730 3582 δ’,
753 3502 839 3584 ἡνίκ’
858 3495 901 3584 ἦν
922 3517 1030 3590 μισεῖν
1052 3500 1165 3570 καλόν.

651 3626 946 3680 ΑΓΑΜΕΜΝΩΝ

375 3702 423 3771 Οὐ
443 3698 507 3792 γάρ
530 3703 676 3774 θανόντι
696 3712 753 3774 καὶ
774 3712 1001 3796 προςεμβῆναί
1024 3716 1060 3776 σε
1079 3706 1161 3798 χρή,

677 3830 919 3882 ΟΔῬΣΣΕῬΣ

372 3903 433 3989 Mr}
452 3907 558 3997 χαῖρ’,
580 3909 734 3995 Ἀτρείδη,
757 3913 903 3998 κέρδεσιν
927 3922 996 3989 τοῖς
1018 3907 1064 3997 μὴ
1088 3915 1211 3989 καλοῖς.

650 4036 943 4104 ΑΓΑΜΕΜΝΩΝ.
1040 4010 1042 4014 ’

375 4112 443 4181 Τόν
465 4141 516 4181 τοι
539 4113 702 4201 τύραννον
725 4115 871 4200 εὐσεβεῖν
894 4116 932 4184 οὐ
955 4116 1081 4205 ρ’ρίδιον.

675 4240 920 4294 ΟΔῬΣΣΕῬΣ

220 4319 304 4385 1325
367 4318 452 4386 Ἀλλ’
474 4313 509 4387 εὖ
531 4325 661 4406 λέγουσι
683 4334 753 4400 τοῖς
776 4323 887 4414 φίλοις
910 4323 1006 4411 τιμάς
1029 4330 1146 4411 νέμειν.
