2850 4956
1152 297 1296 353 ⁰V

122 461 258 534 tiones
284 459 321 531 in
346 457 609 556 Musgravium,
636 458 773 532 alienas
798 460 1027 557 corruptelas
1052 460 1089 532 in
1116 486 1154 534 se
1179 472 1296 535 trans-

139 573 358 672 scripserim,
383 573 494 669 idque
519 597 579 646 me
605 573 726 647 animo
753 573 878 670 iniquo
906 585 943 648 et
964 575 1147 649 malevolo
1165 577 1297 651 fecisse
1379 582 1381 588 ⁴

125 689 363 764 criminatur.
420 687 561 786 injuria,
589 689 747 785 quidem.
797 688 877 788 Ego
909 690 1005 762 enim
1030 691 1092 763 illo
1118 703 1297 790 tempore,

140 830 213 902 quo
252 802 410 903 primam
443 803 555 900 hujus
583 803 667 876 libri
701 803 900 880 editionem
927 804 1132 894 elaboravi,
1169 817 1297 879 contu-

139 920 328 994 bernalem
356 919 469 992 habui
498 918 597 992 illam
627 946 714 1019 non
732 921 852 993 dicam
886 920 1034 994 atticam
1059 922 1125 993 sed
1151 920 1298 994 saxoni-

141 1061 221 1109 cam
259 1032 426 1124 Peniam,
465 1059 576 1130 quarn
615 1034 763 1131 quidam
797 1029 1064 1135 μουσομήιορα
1094 1035 1299 1134 perhibent,

139 1149 309 1249 plerique
340 1173 550 1222 novercam.
600 1148 702 1225 Haec
732 1148 844 1247 igitur
868 1149 959 1222 mihi
985 1175 1068 1222 curn
1094 1131 1164 1223 alia
1189 1150 1299 1223 dene-

141 1264 244 1364 gavit
273 1263 504 1353 multatum
528 1263 629 1336 libris
657 1265 816 1360 undique
843 1265 1048 1362 corrogatis
1073 1275 1110 1338 et
1136 1253 1299 1338 commo-

141 1379 236 1453 datis
262 1379 316 1452 uti
341 1378 482 1477 coegit
523 1378 651 1475 ltaque
669 1379 871 1478 Musgravii
897 1379 1094 1453 editionem
1123 1405 1299 1479 usurpare

140 1521 217 1568 non
246 1493 350 1570 licuit
375 1494 441 1566 sed
465 1493 722 1567 adnotationes
749 1496 827 1590 ejus
854 1494 1125 1592 condiscipulus
1151 1495 1299 1591 quidam

141 1635 257 1700 meus,
283 1610 387 1706 cujus
413 1633 511 1682 nunc
536 1608 745 1706 perillustre
762 1608 799 1680 in
816 1608 873 1682 his
890 1608 1005 1682 literis
1024 1636 1170 1700 nomen,
1195 1636 1300 1709 prae·

140 1735 307 1798 textatae
333 1723 512 1797 amicitiae
539 1748 649 1796 causa
672 1722 817 1822 Lipsiae
841 1724 1104 1823 transscripsit,
1128 1724 1299 1799 transcri-

141 1851 225 1939 ptas
250 1840 296 1912 ad
322 1865 381 1913 me
407 1839 626 1928 transmisit3
651 1839 853 1913 Bothianas
878 1840 956 1938 ipse
975 1865 1023 1913 ex
1040 1840 1134 1914 libro
1153 1841 1191 1914 in
1207 1851 1300 1914 tem-

141 1982 212 2055 pus
244 1965 395 2052 accepto
428 1953 608 2052 excerpsi.
657 1954 775 2052 Ergo,
807 1953 957 2049 siquid
982 1981 1003 2026 a
1028 1980 1087 2027 me
1112 1955 1301 2028 turbatum

141 2083 208 2164 est,
230 2072 267 2145 id
285 2070 403 2144 errori
419 2070 676 2168 imputandum
691 2069 816 2168 potius
834 2094 945 2165 quam
962 2070 1161 2168 cupiditati.
1199 2069 1313 2160 Quae„

142 2198 267 2261 autem
299 2195 492 2284 praeterea
525 2185 614 2258 dicit
647 2186 694 2258 de
718 2183 925 2258 Pauwianis
952 2185 1127 2259 conviciis
1153 2211 1301 2258 acerva

140 2305 209 2378 tim
238 2304 276 2376 in
308 2328 347 2376 se
374 2302 574 2400 congestis,
608 2311 707 2374 certe
733 2295 896 2376 darvuiosr
923 2327 1010 2373 usus
1037 2311 1109 2390 est3
1141 2327 1226 2374 narn
1252 2302 1297 2374 ab

141 2418 350 2493 istiusmodi
378 2417 519 2491 facetiis
551 2417 611 2491 vel
631 2417 780 2513 juvenis
807 2417 999 2506 abhorrui,
1025 2418 1134 2508 duas,
1160 2428 1201 2491 ut
1225 2416 1299 2490 He-

143 2533 269 2607 siodus
300 2532 367 2622 ait,
397 2532 499 2604 rixas
532 2556 612 2604 esse
642 2543 758 2621 ratus,
791 2557 901 2604 unam
932 2532 1115 2630 plebejam
1140 2533 1239 2605 illam
1265 2543 1302 2605 et
1352 2520 1357 2537 ’

143 2632 351 2739 scurrilem,
381 2648 535 2720 alteram
565 2647 769 2745 palaestrae
799 2647 943 2720 decoris
968 2648 1131 2721 motibus
1157 2648 1302 2721 adsimi-

141 2766 226 2853 lem,
252 2788 363 2859 quarn
386 2763 563 2862 perpauci
588 2764 720 2836 callent
746 2764 811 2836 sed
836 2763 953 2857 qualis
975 2763 1030 2853 sit,
1056 2763 1124 2835 nisi
1141 2763 1303 2836 recentia

144 2890 316 2982 entarent
342 2878 522 2976 exempla,
549 2903 598 2950 ex
616 2877 775 2975 Bentleji
790 2876 1043 2974 Lessingiique
1071 2876 1215 2975 scriptis
1242 2903 1302 2950 eo-

144 2995 473 3094 mmmmm.

245 3097 393 3183 Scholia
420 3109 571 3183 editioni
595 3108 711 3208 priori
736 3110 909 3207 adjuncta
933 3133 1031 3181 nuno
1056 3107 1141 3204 quia
1159 3107 1304 3205 saepius

142 3226 276 3299 iterata
306 3205 391 3298 sunt
423 3223 824 3298 omittereco'nsultius
850 3223 988 3313 visum,
1019 3222 1185 3320 exceptis
1211 3247 1304 3318 quae

143 3351 210 3414 aut
248 3340 416 3415 diversae
455 3339 656 3436 scripturae
688 3338 863 3410 indicium
894 3349 957 3411 aut
993 3338 1305 3436 interpretationis

146 3456 350 3529 subsidium
377 3455 562 3529 afferrent.
612 3453 681 3528 His
707 3453 881 3550 subjunxi
906 3453 1156 3551 posteriorum
1180 3454 1305 3551 expla-

144 3581 318 3643 natorum
345 3568 544 3643 sententias
569 3569 745 3667 potiores,
769 3570 882 3642 modo
909 3569 995 3641 huic
1021 3594 1201 3658 assensus,
1226 3593 1305 3640 mo-

145 3686 194 3758 do
228 3685 305 3776 illi,-
324 3696 405 3759 tum
431 3684 540 3757 etiam
567 3684 666 3757 nulli.
716 3683 810 3764 Nam
836 3685 881 3757 ab
908 3683 1120 3758 Hermanno
1148 3707 1305 3780 quoque,

146 3800 178 3873 si
209 3825 300 3896 quas
331 3799 443 3873 habui
472 3800 519 3872 ad
545 3810 674 3873 contra
700 3800 894 3873 dicendum
920 3800 1092 3897 rationes,
1118 3799 1305 3872 discedere

144 3944 223 3990 non
250 3923 331 3988 s'um
358 3925 565 4004 cunctatus3
596 3916 695 4010 quod
722 3940 768 3987 ne
794 3915 875 4010 quis
902 3939 1009 3989 secus
1034 3901 1306 4012 interpretetur,

144 4031 261 4104 libere
293 4030 498 4128 profitebor
530 4031 632 4126 quod
659 4030 791 4103 sentio:
825 4029 919 4103 inter
946 4055 1020 4120 eos,
1046 4029 1109 4125 qui
1134 4028 1193 4103 me
1219 4028 1306 4099 ado-

143 4148 309 4220 lescente
337 4146 548 4219 claruerunt
573 4145 794 4244 philologos,
819 4147 918 4218 haud
943 4171 1082 4244 paucos
1108 4169 1188 4218 esse
1212 4168 1306 4239 quos

144 4261 237 4334 mihi
263 4272 497 4360 anteponam,
526 4261 591 4334 sed
617 4286 747 4333 eorum
772 4262 913 4334 nullum
938 4258 1141 4335 Hermanni
1165 4258 1202 4330 in
1228 4267 1306 4330 arte

146 4375 286 4451 critica
307 4375 591 4475 perfectionem,
621 4375 658 4449 in
690 4376 1010 4474 grammaticarum
1041 4398 1166 4446 rerum
1197 4397 1308 4471 quae·
