2858 4964
343 446 344 449 Ἴ
398 360 444 417 AD
464 361 561 416 SOPH.
580 358 625 415 Al.
662 360 694 418 V.
709 360 866 417 197-905.
958 375 964 381 ’
1160 366 1209 420 129

143 515 186 582 V.
210 518 282 584 199.
328 513 477 584 Πάντων
503 515 733 604 καγχαζόντων
760 514 925 601 γλω’σσαις
948 557 990 567 —-
1014 518 1109 585 affert
1137 517 1210 586 Sui-

55 603 113 669 das
143 628 169 670 s.
201 602 377 690 Καγχάζει.
406 605 490 672 cod.
514 609 551 672 Γ.
575 603 823 690 βακχαζόντων,
853 607 940 695 Aug.
966 607 1003 672 O.
1032 607 1211 694 καχλοζόν-

54 717 128 758 των.
175 690 313 779 Saepius
337 695 425 781 apud
439 695 599 782 Tragicos
621 695 685 760 hoo
706 695 842 760 verbum
864 719 930 761 non
952 697 1086 783 legitur3
1111 698 1211 762 semel

54 781 142 867 apud
171 781 425 868 Aristophanem
459 782 629 869 καχάζειν,
662 784 766 868 prima
796 793 945 874 correpta
974 795 1010 849 ut
1038 790 1211 851 οαολνίοιον

55 869 191 954 dicitur,
220 894 355 956 eamque
384 874 521 938 formam
543 871 734 937 Dindorfius
763 869 920 958 Sophocli
947 874 980 940 h.
1003 873 1024 937 l.
1054 874 1208 940 vindicat.
1319 895 1321 899 ’

54 956 174 1024 suidas
201 959 450 1048 Ἀνακαγχάσας
485 965 540 1025 καὶ
575 958 647 1046 οὐχὶ
676 959 901 1044 άνακαχάσας.
957 961 1053 1027 Plato
1085 960 1155 1028 Oiv.
1183 964 1210 1029 I.

54 1048 130 1113 337.
154 1047 197 1112 A.
228 1046 449 1134 ἀνεκάγχασε,
471 1073 531 1136 pro
555 1072 619 1134 quo
644 1048 717 1114 cod.
742 1048 848 1114 Lobc.
873 1048 1092 1134 άνεκάκχασε;
1122 1051 1210 1116 Xen.

53 1133 167 1222 Symp.
196 1136 223 1202 I.
261 1140 312 1204 16.
347 1135 556 1224 ἐξεκάγχασε,
590 1160 651 1202 neo
684 1137 810 1203 variant
836 1137 911 1204 libri
940 1138 1023 1203 Poll.
1046 1139 1106 1205 VI.
1138 1142 1211 1206 199.
1225 1156 1282 1205 us

50 1222 312 1380 [Βάνρκαχχοίσεις
340 1227 462 1381 «χιχίὅίεα.
488 1225 686 1380 gaeshffssb.
710 1227 749 1380 Ιᾶ.
778 1225 953 1381 καγχάΙζρρε
981 1227 1130 1402 qurlqlps
1141 1251 1211 1381 Bap.

73 1338 322 1382 ur....
413 1339 567 1382 .sev.
627 1339 688 1383 e1n.
743 1339 867 1380 om..
939 1365 1003 1383 ..
1088 1366 1095 1381 .
1174 1345 1212 1380 α-

47 1401 225 1490 ρνάλγητα
253 1338 348 1487 plius
375 1405 464 1491 Aug.
496 1401 533 1468 O.
563 1399 643 1489 άχος
672 1411 784 1482 έστηκε
814 1404 886 1469 cod.
916 1407 954 1470 Γ.
969 1341 1017 1470 pet
1045 1405 1120 1470 Jen.
1151 1409 1212 1470 Το-

47 1489 162 1570 σαύτη
185 1491 386 1572 κατάπληξις
409 1490 547 1575 εἱστήκει
570 1492 668 1557 Diod.
690 1492 787 1557 XIII.
812 1494 864 1556 55.
887 1497 944 1557 καί
966 1515 1061 1582 σφισι
1084 1491 1212 1576 μεγάλα

43 1583 185 1644 πένθεα
210 1583 343 1645 ἵσταται
359 1580 496 1646 Lucian.
513 1581 586 1646 Dea
601 1579 674 1666 Syr.
697 1582 726 1665 ξ.
752 1583 781 1644 6.
807 1583 878 1657 δέος
901 1579 1097 1667 έστάτωΑχζ
1117 1583 1210 1646 1084.

43 1665 212 1756 θορύβου
234 1665 441 1746 ἀναστάντος
464 1670 605 1755 Appian.
630 1667 701 1733 Oiv.
717 1669 744 1736 I.
761 1670 814 1733 56.
838 1671 902 1734 alia
924 1669 1082 1753 quaedam
1105 1670 1211 1733 minus

42 1757 207 1843 apposita
230 1756 324 1823 affert
346 1759 526 1824 Dorvillius
549 1757 591 1823 ad
607 1755 705 1823 Char.
728 1781 760 1844 p.
779 1759 853 1824 383.
900 1758 965 1823 Pro
982 1755 1080 1822 ὁπότ’
1103 1752 1213 1841 ’Άρεος

41 1849 172 1911 ἔσσυτο
208 1847 300 1926 δῆρις
329 1844 440 1927 Quint.
471 1845 540 1912 Cal.
565 1846 607 1914 V.
640 1848 712 1912 168.
742 1847 841 1912 scribi
874 1855 1003 1932 oportet
1036 1851 1151 1912 ἵστατο
1179 1870 1210 1911 v.

41 1933 291 2020 Wyttenbach.
322 1936 364 2000 ad
392 1936 514 2001 Julian.
544 1960 578 2021 p.
602 1938 675 2000 199.
705 1942 738 2000 et
766 1943 879 2000 contra
902 1933 1006 2022 Orph.
1030 1935 1112 2021 Arg.
1136 1935 1211 1999 435.

41 2046 115 2109 pro
140 2025 259 2088 έστατο
283 2022 316 2088 δ’
338 2020 423 2108 άκρα
446 2023 575 2106 κάρηνα
597 2023 833 2089 restituendum
856 2027 982 2107 έσσατο,
1006 2023 1095 2108 quod
1110 2048 1129 2088 a
1143 2024 1214 2088 vul-¹

41 2125 132 2200 gato
157 2114 287 2177 έστεντο
310 2113 461 2199 proprius
485 2115 577 2179 abest
600 2135 696 2198 quam
719 2115 850 2178 έκτατο.
971 2160 974 2162 ψ

90 2268 103 2271 ἢ
143 2198 188 2266 V.
205 2201 279 2265 301.
304 2203 378 2267 303.
425 2195 521 2278 Nolle
543 2200 677 2285 ἀρωγοί.
717 2199 799 2267 (lod.
825 2203 857 2266 Γ
856 2192 1012 2282 drudo,
1034 2199 1215 2266 Hermanni

40 2310 174 2375 operae
205 2287 340 2373 ὀιγωγοί.
385 2289 425 2354 In
453 2313 520 2374 seq.
543 2313 639 2355 versu
661 2291 698 2354 Γ.
724 2299 757 2355 et
778 2289 897 2355 Dresd.
922 2290 965 2354 A.
992 2289 1213 2375 Ἐρεχθειδῶν.

39 2376 257 2444 Scholiastes
277 2382 429 2462 χθονίων
451 2387 539 2444 recte
554 2379 783 2464 interpretatur
799 2375 1028 2462 αὐτοχθόνων,
1052 2377 1111 2443 sed
1127 2376 1215 2462 quod

40 2466 143 2531 idem
168 2465 248 2530 dicit
269 2466 312 2531 ad
333 2492 364 2533 v.
384 2469 457 2532 134.
482 2477 514 2532 et
536 2469 634 2555 vulgo
660 2467 832 2549 oredimus,
856 2464 906 2531 ὅτι
931 2466 948 2530 ὁ
969 2464 1069 2549 χορὸς
1084 2465 1216 2531 ἐσκεύα-

42 2578 133 2621 σται
157 2553 224 2620 άπὸ
241 2555 472 2640 Σαλαμινίων,
494 2555 528 2620 id
551 2580 570 2620 a
591 2564 690 2642 poeta
711 2581 741 2622 v.
766 2558 841 2621 597.
866 2564 898 2618 et
922 2556 1017 2620 1213.
1043 2554 1128 2619 clare
1150 2555 1215 2639 sig-

39 2643 225 2708 nificatum
254 2668 319 2710 non
350 2654 414 2724 est;
444 2667 506 2709 nec
536 2644 712 2729 quidquam
734 2645 869 2710 interest
891 2642 933 2707 ad
956 2667 1067 2708 eorum
1091 2643 1216 2727 opinio-

40 2731 936 2904 &balthathilltttlutlell01¹tlt
959 2729 1217 2886 33333333

146 2997 190 3067 V.
214 3000 288 3064 205.
344 3003 416 3066 Νῦν
444 2992 508 3086 γάρ
539 2997 556 3064 ὁ
586 2993 692 3075 δεινὸς
720 2995 737 3063 ὁ
761 3002 863 3082 μέγας
886 2991 1091 3080 ὠμοκράτης.
1127 2993 1217 3080 [Ari-

43 3087 165 3173 stoph.
190 3087 322 3152 Thesm.
344 3089 396 3159 32.
428 3086 445 3153 ὁ
474 3090 576 3172 μέλας
598 3085 616 3152 ὁ
640 3081 820 3173 καρτερός]
866 3084 1057 3150 Eustathius
1086 3108 1119 3169 p.
1141 3083 1217 3163 975,

46 3177 111 3240 35.
137 3173 156 3241 ὁ
179 3182 281 3259 μέγας
306 3175 390 3253 Αἰάς
412 3170 504 3262 παρά
527 3177 710 3266 Σοφοκλεῖ.
747 3176 868 3240 Totum
890 3197 1020 3239 versum
1036 3171 1129 3237 affert
1144 3169 1218 3236 Sui-

49 3262 118 3329 das
148 3286 175 3329 s.
202 3262 412 3352 Ὠμοκρατής.
464 3265 651 3330 Articulum
679 3272 752 3330 ante
781 3270 883 3348 μέγας
906 3266 1071 3350 ejecerunt
1093 3259 1218 3327 Seidle-

45 3375 131 3434 trus,
158 3353 314 3437 Bothius,
343 3353 571 3435 Hermannus;
599 3353 647 3418 illi
675 3354 799 3418 ratione
823 3353 929 3417 minus
951 3353 1055 3432 firma,
1077 3373 1118 3414 ne
1142 3348 1218 3413 dac·
1296 3348 1299 3353 ’

45 3441 127 3527 tylo
152 3442 344 3529 subjiciatur
367 3451 560 3528 anapaestus
583 3467 612 3508 v.
634 3441 794 3506 Matthiae
817 3441 860 3506 ad
874 3441 979 3526 Hipp.
999 3440 1093 3504 1355.
1133 3437 1219 3503 Her·

49 3552 209 3612 mannus,
232 3532 307 3615 quia
329 3531 486 3598 articulus
509 3532 557 3596 sic
579 3531 705 3617 positus
724 3530 850 3595 numeri
865 3529 997 3594 vinculo
1014 3550 1088 3593 oum
1104 3522 1218 3606 δεινός,

50 3617 228 3684 intellectu
258 3642 332 3684 cum
358 3624 460 3704 μέγας
484 3620 682 3685 cohaereret.
727 3619 840 3706 Ajacis
865 3616 1031 3695 Salaminii
1053 3616 1218 3701 epitheton

56 3706 128 3772 fere
157 3707 259 3772 fixum
289 3717 322 3773 et
350 3717 545 3795 perpetuum
575 3707 592 3774 ὁ
616 3713 718 3794 μέγας
739 3707 778 3772 Il.
803 3710 849 3772 II.
876 3709 953 3772 358.
977 3706 1116 3770 Theocr.
1139 3701 1218 3767 XV.

66 3795 135 3861 138.
161 3806 193 3862 et
215 3806 347 3883 poetam
369 3797 523 3862 inducere
546 3798 654 3882 potuit
674 3804 711 3860 ut
734 3794 870 3882 ὁμέγας
886 3794 1052 3876 scriberet,
1076 3801 1109 3858 et
1122 3791 1220 3854 libra-

57 3883 145 3967 rios,
174 3893 212 3950 ut
239 3886 411 3955 articulum
439 3886 480 3951 de
509 3908 567 3951 suo
591 3884 769 3972 adjicerent
780 3885 820 3970 1).
871 3881 1072 3968 Ὠμοκρατής
1095 3877 1238 3971 Scholi5

65 3982 149 4038 astae
179 3974 349 4062 ambigunt
375 3983 484 4041 utrum
506 3973 547 4040 ab
572 3972 660 4058 ὠμός
683 3972 899 4059 compositum
922 3973 965 4038 sit
987 3995 1028 4036 an
1051 3968 1091 4033 ab
1122 3958 1218 4047 ὦμος,

67 4058 83 4125 ὁ
110 4065 178 4130 τῶν
208 4065 293 4150 (sor.
325 4060 380 4130 διά
403 4067 490 4143 τῶν)
514 4059 612 4147 ὤμων
634 4072 766 4149 κρατεῖν
789 4059 988 4147 δυνάμενος,
1010 4059 1063 4125 vel
1085 4063 1122 4121 ut
1144 4053 1220 4118 Mo·

69 4213 264 4225 ᾗ

136 4295 160 4360 ¹)
178 4301 210 4351 In
234 4300 358 4363 Meleagri
381 4299 430 4364 Ep.
449 4288 528 4350 CXV.
553 4314 578 4364 p.
597 4297 639 4350 34.
663 4298 742 4351 Anth.
760 4298 815 4351 Pal.
834 4299 879 4349 VI.
903 4314 927 4359 n.
948 4295 1007 4345 163.
1030 4293 1071 4341 τίς
1089 4280 1156 4370 'crida
1174 4304 1222 4354 μοι

68 4364 182 4433 θνητῶν
199 4372 265 4436 περὶ
282 4368 434 4439 θριγκοῖοιν
452 4363 542 4438 ἀνῆψε
561 4366 645 4420 σκῦλα
657 4372 790 4420 -addito
809 4371 916 4420 articulo
936 4365 1097 4416 scribendum
1109 4377 1144 4410 τα
1158 4361 1222 4428 περὶ

70 4448 93 4490 ut
108 4443 216 4493 Leonid.
236 4445 284 4507 Ep.
302 4442 409 4492 XLVII.
428 4441 517 4491 ταῦτα
535 4435 641 4512 λάφυρα
659 4443 700 4494 τίς
719 4435 733 4490 ὁ
752 4439 906 4509 θριγκοῖσιν
924 4429 1039 4503 ἀνάψαε.
1076 4435 1126 4485 En.
1145 4434 1191 4484 Pr.

99 4527 214 4590 Sophocl.
233 4528 304 4576 Aion.
323 4527 370 4575 Ed.
384 4528 409 4576 3.
1062 4523 1076 4568 9
1112 4564 1115 4569 .
