2850 4956
420 1330 897 1449 COMMENTARIUS.

586 1570 736 1578 ,m

166 1707 210 1776 V.
230 1711 259 1773 1.
300 1698 341 1775 Ὦ
363 1717 426 1776 παῖ
444 1706 608 1794 Λάρτίου.
655 1705 793 1862 Signum
816 1706 990 1792 coronidis,
1014 1707 1103 1794 quod
1119 1704 1281 1776 Schae-os

76 1798 147 1864 fero
171 1805 304 1864 auctore
327 1799 471 1865 nuncin
494 1797 644 1864 omnibus
667 1821 684 1862 e
709 1795 861 1864 rtionibus
886 1796 1028 1866 deletum
1052 1805 1118 1882 est,
1147 1819 1239 1863 revo-

79 1887 153 1953 cavi
182 1910 248 1953 non
275 1895 312 1953 ut
338 1888 560 1956 necessarium
590 1886 649 1953 sed
677 1909 718 1953 ne
740 1886 859 1953 veteris
883 1887 1063 1974 scripturae
1085 1887 1241 1953 memoria

78 1976 210 2063 penitus
234 1977 444 2045 exolesceret.
491 1974 705 2043 Grammatioi
728 1974 860 2061 quidem
878 1976 1030 2064 Byzantii
1053 1975 1241 2043 coronidem

79 2066 159 2151 poni
181 2075 303 2153 negant
325 2067 388 2134 nisi
403 2068 438 2133 in
454 2066 667 2132 commissura
682 2064 820 2132 duorum
835 2066 1067 2132 vocabulorum
1082 2091 1113 2131 v.
1129 2065 1240 2152 Etym.

78 2153 129 2222 M.
153 2176 180 2220 s.
210 2151 330 2242 Τόφρα
354 2163 387 2222 et
408 2155 556 2222 Lexicon
580 2154 620 2220 de
644 2153 729 2240 Spir.
753 2178 786 2241 p.
804 2156 877 2221 242.
925 2153 1070 2222 Cramer.
1091 2154 1156 2221 An.
1175 2152 1239 2221 Ox.

79 2242 120 2308 Τ.
140 2245 168 2308 1.
192 2265 225 2330 p.
243 2245 315 2310 203.
341 2243 478 2314 Seidler.
497 2244 579 2309 Exc.
596 2243 639 2309 ad
653 2244 732 2310 Eur.
749 2243 870 2310 Troad.
883 2245 959 2311 425.
983 2266 1088 2330 neque
1104 2251 1250 2332 apparet

79 2330 137 2396 illa
164 2330 199 2397 in
228 2330 345 2420 ἀργός,
374 2331 446 2420 ἱρός
474 2333 671 2418 ceterisque,
700 2331 759 2399 sed
781 2333 893 2400 haeret
913 2334 947 2398 in
969 2335 1100 2400 nomine
1122 2332 1241 2400 herois.

82 2417 184 2502 Quod
213 2443 313 2505 quum
340 2433 468 2490 veteres
497 2446 538 2490 ex
560 2424 622 2499 λᾶς
644 2429 677 2488 et
699 2421 868 2508 ἀερτάζειν
890 2424 1107 2509 compositum
1130 2421 1242 2489 crede-

78 2517 154 2575 rent
176 2535 207 2576 v.
230 2509 340 2598 Etym.
363 2512 413 2578 M.
436 2537 470 2599 p.
496 2513 571 2594 554,
595 2511 647 2576 37.
670 2510 822 2577 Eustath.
847 2534 880 2597 p.
907 2513 1002 2595 1475,
1027 2513 1079 2578 25.
1104 2510 1242 2595 scribae,

78 2606 119 2663 ut
151 2597 293 2665 nativam
326 2601 477 2677 vocabuli
512 2601 648 2665 formam
681 2598 858 2666 lectbribus
892 2600 1110 2684 inculcarunt,
1144 2599 1242 2665 modo

79 2695 252 2773 utramque
271 2689 429 2775 syllabam
444 2696 684 2776 expresserunt,
707 2687 805 2753 modo
821 2689 953 2754 alterius
969 2688 1133 2754 defectum
1148 2689 1242 2776 signo

81 2777 311 2845 contractionis
335 2789 498 2846 notarunt.
545 2778 733 2844 Priscianus
753 2776 793 2842 L.
810 2775 886 2843 VII.
911 2783 941 2844 5.
965 2801 998 2864 p.
1022 2779 1096 2843 303.
1142 2780 1243 2843 Laer—
1312 2819 1318 2823 »

80 2868 147 2930 tius
173 2889 236 2950 pro
259 2869 580 2950 Laertes'dtccbcat,
610 2868 765 2950 quomodo
788 2875 819 2931 et
844 2867 977 2949 Graeci,
1001 2866 1186 2958 Σοφοκλῆς
1208 2872 1243 2931 ὲν

80 2952 205 3020 Αἴαντι
237 2955 477 3060 μοξστιγοφόρῳ
506 2957 569 3022 Ἀεὶ
597 2958 656 3039 μὲν
684 2946 710 3020 ὦ
737 2965 799 3022 παῖ
827 2958 998 3060 Acceptior
1026 2951 1165 3040 δέδορκά
1195 2976 1243 3039 σε,

81 3045 914 3220 ttttf⁰tttt}.t.l⁰t..¹t⁰..tfttttt
932 3067 981 3199 ¹1.
1000 3043 1074 3198 tt·
1100 3043 1244 3198 tltt

81 3245 113 3285 v.
137 3221 212 3288 380.
239 3223 273 3288 in
298 3224 392 3290 codd.
440 3224 576 3291 lurimis.
627 3223 775 3289 Alteram
803 3223 962 3288 rationem
990 3229 1146 3306 sequutus
1169 3220 1245 3286 Pla-

80 3309 244 3415 nudesin
265 3312 382 3380 Alcaei
434 3315 526 3402 pigr.
542 3312 644 3380 Anth.
668 3312 739 3379 Pal.
764 3334 793 3377 c.
817 3311 894 3380 Vll.
917 3335 949 3416 n.
969 3314 997 3375 1.
1043 3306 1244 3417 Adprroidew

82 3402 511 3576 tenuamus.
527 3398 1245 3576 551ᾎὲ..ῗῖ551551.119115

80 3576 175 3642 Plan.
208 3577 252 3642 N.
279 3581 352 3645 125.
381 3604 412 3666 p.
438 3581 512 3646 663.
542 3580 607 3645 alii
624 3578 687 3660 sic,
716 3577 771 3642 alii
799 3575 998 3661 Λάρτιάδης
1027 3578 1244 3662 scripserunt3

81 3663 284 3746 Λαρτιάὸης
311 3668 432 3756 legitur
453 3670 579 3734 Άὸεσπ.
611 3690 639 3735 o.
660 3667 724 3732 IX.
749 3690 780 3730 n.
805 3669 878 3731 115.
903 3675 936 3732 et
957 3665 1050 3730 Plan.
1075 3662 1244 3730 GCXOII.

82 3761 117 3819 et
132 3751 303 3821 OOXOV.
327 3757 426 3840 nulla,
450 3757 538 3842 quod
555 3764 691 3838 constet,
713 3753 870 3820 librorum
887 3754 1122 3840 discrepantia:
1146 3751 1245 3834 Λάρ-
1353 3812 1355 3815 .

82 3847 155 3908 τίου
178 3843 283 3908 Arist.
307 3845 396 3910 Plut.
418 3845 492 3911 312.
523 3845 602 3911 Eur.
626 3841 747 3910 Troad.
770 3844 846 3911 425.
875 3844 987 3910 nescio
1015 3865 1081 3928 qua
1107 3841 1287 3908 auctori-to

80 3938 150 3996 tate
172 3931 312 4017 nitatur,
342 3934 400 4001 sed
423 3933 563 4000 editores
585 3934 749 4020 principes
772 3932 836 3998 hoc
858 3932 987 4022 signum
1010 3931 1051 3997 de
1073 3953 1132 3997 suo
1154 3927 1246 3995 addi-

82 4018 171 4087 disse
200 4020 290 4086 haud
313 4022 467 4090 credibile
481 4022 626 4089 videtur.
679 4021 777 4087 Hanc
799 4021 900 4110 igitur
921 4017 1245 4109 pseudocoronidem,

80 4107 272 4196 ubicunque
294 4110 329 4177 in
352 4111 449 4181 codd.
465 4121 612 4200 apparet,
635 4109 826 4179 servandam
842 4110 938 4196 duco,
960 4117 998 4177 ut
1013 4116 1136 4176 ceteras
1151 4113 1246 4173 notas

121 4325 221 4396 K?
238 4329 322 4382 Notae
339 4344 458 4381 versuum
474 4330 648 4396 praescriptae
666 4331 822 4396 respondent
834 4329 945 4382 numeris
957 4324 1126 4378 Brunokianis
1139 4325 1248 4391 margini

54 4479 61 4490 .
83 4403 200 4454 interiori
218 4403 267 4453 Ed.
286 4408 389 4454 nostrae
407 4402 539 4468 appositis.
