2874 4972
188 312 239 366 104
630 300 909 358 comNTARIUs

246 487 248 491 ’
274 463 317 531 V.
337 466 409 530 127.
443 460 648 547 Ὑπέρκοπον
669 462 773 545 μηδὲν
795 457 876 526 ποτ’
899 458 996 551 stupe.
1034 459 1141 527 Recte
1166 458 1238 526 hoo
1253 455 1362 528 Schu-

187 559 296 622 liastes
325 553 425 619 refert
453 552 496 617 ad
519 551 631 639 Ajacis
655 550 841 637 superbiam
863 574 894 615 v.
912 552 986 615 767.
1010 558 1044 614 et
1066 572 1161 635 seqq.
1188 557 1361 632 testatam,

188 667 284 729 quam
315 642 366 707 vel
388 639 598 729 Cyclicorum
627 638 823 705 carminibus
852 639 905 705 vel
927 639 1132 705 scenicorum
1156 638 1290 704 fabulis
1315 637 1360 703 di-

188 734 370 821 vulgatam,
404 738 491 796 certe
520 728 694 816 Sophoclis
721 727 958 815 spectatoribus
987 736 1098 794 uotam
1126 727 1238 794 fluisse
1270 727 1360 793 credi

186 824 281 902 licet3
312 829 420 886 cetera
448 841 530 905 quae
559 825 670 885 narrat
697 841 737 884 ex
766 816 1027 906 Tragodumenis
1056 823 1185 900 sumta,
1214 816 1359 904 Ajacem
1435 870 1437 892 ‚

187 920 327 978 noctuae
351 909 479 998 signum
502 907 704 995 gentilicium
727 905 844 993 clypeo
866 906 1065 994 insculptum
1080 906 1239 989 erasisse,
1266 905 1360 972 deam

187 1002 306 1088 ipsam,
329 1021 429 1084 quum
452 1005 638 1084 pugnaturo
662 1018 757 1082 opem
780 1018 873 1062 suam
897 995 1040 1079 offerret,
1062 994 1103 1060 de
1125 1017 1229 1062 curru
1248 993 1359 1061 detru-
1425 1037 1427 1052 2

189 1091 282 1170 sisse,
305 1110 343 1152 ea
365 1087 394 1153 si
418 1087 550 1174 cognita
571 1086 702 1151 fuerunt
723 1093 856 1170 poetae,
886 1093 975 1152 certe
999 1108 1018 1149 a
1039 1107 1075 1150 re
1098 1084 1207 1151 aliena
1225 1084 1358 1173 judica·

188 1179 244 1244 vit.
280 1176 346 1242 Pro
368 1168 554 1257 ὑπέρκοπον
576 1173 665 1261 apud
679 1171 858 1241 Stobaeum
878 1174 901 1238 l.
926 1197 955 1240 c.
978 1173 1137 1260 surrepsit
1155 1172 1358 1260 ὑπέρογκον,

190 1265 278 1354 apud
307 1263 418 1332 Schol.
442 1263 526 1329 Ven.
551 1265 590 1331 Ε.
614 1265 690 1331 449.
719 1262 776 1348 qui
804 1287 854 1328 vv.
882 1265 1087 1330 lus-128.
1110 1261 1231 1346 affert,
1262 1261 1358 1352 ὑπὲρ·

152 1398 155 1402 -
190 1378 319 1438 κομπον
348 1351 436 1438 quod
458 1352 566 1439 ipsum
590 1350 684 1418 codd.
707 1352 856 1418 nonnulli
878 1352 910 1418 h.
933 1352 956 1417 l.
980 1352 1195 1418 substituunt.
1246 1351 1358 1419 Blom·

190 1443 319 1509 fieldius
342 1442 385 1508 ad
407 1439 498 1528 Sept.
521 1467 553 1508 v.
572 1442 646 1507 795.
671 1442 785 1509 statuit
806 1439 1015 1527 ὑπέρκομπος
1037 1463 1109 1507 esse
1131 1441 1282 1507 formam
1305 1465 1357 1508 no-

190 1533 302 1598 vitiam
331 1555 371 1597 ex
397 1529 583 1619 ὑπέρκοπος
605 1540 734 1597 auctam
755 1531 951 1617 interpositu
971 1529 1084 1597 literae
1106 1532 1147 1614 γ’,
1175 1539 1215 1596 ut
1241 1525 1357 1617 όμβρι-
1426 1597 1428 1599 ,

190 1647 271 1705 μος,
301 1615 455 1704 όμπνιος,
485 1643 546 1706 pro
575 1618 693 1704 quibus
722 1620 844 1686 rectius
873 1619 1037 1686 attulisset
1058 1615 1308 1708 οτυφοκόμπος
1327 1644 1355 1685 v.

190 1709 341 1776 Dindorf.
371 1708 414 1774 ad
443 1707 527 1775 Avv.
553 1711 649 1775 1288.
679 1707 896 1793 δοξοκομπεῖν
925 1709 992 1775 Dio
1019 1706 1097 1778 Chr.
1120 1707 1259 1776 LXVI.
1285 1710 1354 1775 347.

190 1825 221 1868 v.
244 1799 334 1866 Bast.
358 1796 448 1863 Add.
472 1796 515 1879 ad
536 1796 678 1886 Longin.
701 1821 735 1884 p.
752 1800 827 1866 644.
857 1794 1081 1884 δημοκόμπος,
1111 1800 1355 1883 δειλοκομπεῖν,
1428 1827 1429 1835 ¹

191 1912 274 1974 quae
296 1887 412 1954 merito
434 1887 668 1974 vituperantur.
706 1884 775 1954 Sed
797 1887 984 1974 opinionem
1005 1888 1108 1974 ipsam
1129 1887 1252 1953 falsam
1264 1895 1353 1973 puto.

187 1977 400 2063 Ὑπέρκομπα
430 1999 513 2061 quae
541 1985 618 2042 sunt
640 1984 673 2042 et
694 1974 886 2060 ὑψίκομπα,
916 1975 1030 2043 eadem
1051 1975 1225 2061 ὑπέρκοποι
1251 1981 1354 2042 immo·

192 2068 307 2131 derata
330 2075 360 2131 et
382 2069 524 2130 anomia
547 2065 611 2131 dici
633 2073 783 2152 possunt,
806 2064 864 2132 sed
887 2089 954 2131 non
978 2073 1105 2146 contra3
1128 2065 1164 2132 in
1179 2065 1250 2132 illis
1266 2088 1355 2153 prae
1427 2117 1428 2120 ε

191 2155 339 2221 verbium
367 2161 399 2219 et
428 2177 546 2220 nomen
574 2155 710 2240 perinde
731 2154 857 2235 valent3
884 2154 918 2220 in
940 2155 1004 2221 hoo
1026 2155 1194 2242 praevalet
1216 2177 1354 2242 praepo
1423 2230 1424 2235 .

193 2244 279 2327 sitio,
302 2243 476 2310 obscurata
498 2242 739 2328 quodammodo
763 2244 935 2330 compositi
958 2253 1052 2331 parte
1070 2243 1183 2328 altera,
1205 2252 1247 2309 ut
1261 2240 1354 2330 μεσό-

136 2333 348 2442 τιεκρποςῑ),
378 2331 467 2417 quod
494 2332 626 2418 quidam
654 2334 700 2399 ita
728 2332 983 2420 interpretantur
1011 2336 1029 2400 ὁ
1057 2336 1161 2419 μέσον
1184 2329 1355 2419 κόμματος
1426 2413 1427 2419 ¹

37 2596 45 2601 ,
169 2447 250 2576 ’ἕλ’
272 2421 1353 2599 {titt{tte.ltll⁰lt.ttt.t.tt”tt.ltlsslt.tt.

117 2657 119 2660 ⁴
193 2600 312 2667 dicitur
338 2599 420 2666 illud
447 2601 579 2687 proprie
608 2600 649 2667 de
677 2608 816 2688 statura,
843 2610 914 2667 tum
936 2600 977 2667 de
1000 2609 1106 2668 aetate
1130 2608 1164 2666 et
1187 2601 1354 2688 speciein

191 2692 387 2757 universum.
439 2689 652 2777 Adjectivum
681 2688 879 2774 ὑπέρκοπος,
907 2689 996 2774 quod
1022 2690 1083 2755 viri
1106 2688 1198 2756 docti
1222 2712 1355 2778 suspec

190 2787 263 2845 tant
284 2787 322 2845 ut
345 2802 384 2844 ex
406 2777 590 2866 ὑπέρκοπος
614 2778 825 2865 depravatum
847 2803 878 2847 v.
895 2779 1055 2846 Matthiae
1078 2777 1121 2844 ad
1135 2778 1243 2848 Herc.
1263 2781 1354 2846 1059.

193 2869 385 2956 [Hermann.
414 2866 540 2954 Opusc.
563 2867 606 2935 V.
633 2867 721 2954 153]
749 2867 835 2934 tueri
862 2867 1015 2935 videntum
1042 2877 1201 2956 cognata,
1239 2868 1355 2954 quibus

191 2966 247 3024 aut
269 2958 338 3024 sola
360 2957 437 3023 mali
457 2956 639 3045 ingruentis
661 2957 752 3023 notio
774 2958 870 3041 inest,
892 2966 930 3023 ut
951 2958 1080 3043 πρᾶγος
1101 2953 1267 3024 νεόκοτον
1293 2958 1356 3024 Aa·

192 3045 297 3133 schyli
326 3054 360 3112 et
389 3046 612 3131 quotidianum
641 3047 858 3132 παλίγκοτος,
886 3055 943 3112 aut
970 3069 1011 3112 ne
1034 3046 1116 3112 haec
1138 3045 1280 3130 quidem
1303 3045 1357 3115 sed

168 3206 174 3210 Α,
191 3134 360 3201 indefinita
382 3134 471 3200 modi
494 3135 701 3223 significatio,
724 3136 772 3202 sic
789 3142 826 3200 ut
841 3131 1149 3219 ἀλλόκοτοςγνώμη
1164 3137 1235 3201 τῶν
1251 3133 1357 3220 πόρος

95 3283 130 3323 .,
192 3227 322 3290 diversa
348 3227 456 3332 priori
484 3228 643 3290 sententia
670 3224 811 3330 l²hiloct
837 3226 932 3328 1191.
961 3223 1041 3290 nihil
1071 3222 1161 3289 aliud
1191 3224 1358 3333 siguificat

191 3334 289 3491 uu
309 3311 771 3490 λαιαιιὲιιιελ
793 3312 940 3490 ἕνα.
961 3337 995 3472 ι
1019 3314 1358 3470 utillum

136 3497 226 3579 &fil
254 3488 419 3556 Zenobius
448 3492 581 3576 Λλχολοι
609 3492 737 3577 γνῶμαι
765 3486 852 3581 κατόν
878 3487 1082 3581 μετάληψιν,
1110 3486 1213 3577 χόλος
1242 3487 1312 3578 γὰρ
1338 3490 1358 3572 ἡ

195 3573 295 3664 ὀργὴ,
330 3572 412 3665 ὀργὴ
447 3581 482 3645 δὲ
514 3577 532 3645 ό
568 3575 700 3668 τρόπος.
757 3579 865 3668 Ergo,
898 3588 936 3647 ut
967 3579 1110 3647 breviter
1143 3580 1358 3668 complectar,

229 3795 230 3799 ,
268 3756 293 3822 ¹)
310 3760 410 3810 Passim
431 3753 587 3827 peroniaco
610 3763 729 3814 scribitur
745 3779 768 3812 v.
788 3761 993 3826 Schweighaeua.
1013 3764 1045 3813 ad
1064 3762 1159 3813 anan.
1179 3763 1227 3813 IV.
1252 3764 1313 3815 177.
1332 3765 1357 3815 11.

193 3834 223 3882 Τ,
242 3833 276 3882 ΙΙ.
297 3831 356 3882 659.
374 3833 419 3883 aed
438 3834 512 3895 salso,
531 3848 579 3885 nec
598 3835 681 3884 simile
699 3835 749 3884 hoc
768 3842 808 3884 est
825 3836 992 3898 paroxytonis
1012 3826 1182 3900 δημοκόπον,
1204 3826 1359 3894 δοξοκόπον

193 3912 240 3954 etc.
260 3904 293 3954 cf.
313 3903 403 3954 corais
421 3905 560 3970 Στοχαομ.
580 3920 605 3969 p.
620 3906 662 3955 72.
681 3907 708 3955 in
727 3906 818 3970 quibus
838 3906 991 3970 significatio
1010 3907 1079 3955 verbi
1098 3906 1189 3966 activa,
1209 3921 1358 3971 quanquam

193 3977 243 4024 alio
262 3976 391 4039 traducta,
416 3976 483 4026 clare
502 3984 587 4026 tamen
606 3985 720 4042 apparet,
739 3977 804 4027 sicut
822 3978 944 4027 neutralis
963 3978 989 4026 in
1008 3968 1186 4044 rependerem,
1209 3981 1283 4040 quod
1302 3994 1357 4029 cun

192 4039 378 4114 προτόπτειν,
403 4039 575 4116 ὑπερπαίειν,
597 4040 1080 4114 ἁντιποιίειν(ει1ναιαεπ“),ἔμπαιος,
1106 4040 1271 4115 πρόσπαιον,
1291 4065 1357 4100 oom-

192 4118 333 4182 parandum
356 4118 462 4168 videtur.
503 4120 533 4168 ln
553 4112 714 4181 ζηλότυπος,
737 4111 876 4181 dilaceror,
895 4112 1066 4185 χαμαιτύπη,
1086 4111 1357 4187 ἀβολεῖν,(σνμβόλ-

192 4183 270 4250 λειν),
288 4180 447 4253 ἀντιβολεῖν
464 4179 629 4252 (cinaedus),
649 4184 811 4255 σννηβολλη,
832 4199 918 4242 manet
936 4192 1042 4256 originis
1060 4200 1129 4252 nota,
1148 4192 1243 4242 sedin
1263 4207 1357 4258 μοιχο-

191 4251 275 4322 τόπη,
295 4250 496 4324 καλαμοτόποτ,
513 4253 686 4325 χαμαιτνπὴτ
705 4258 739 4323 (si
776 4277 804 4312 ro
820 4257 986 4328 χαμαίζηλοι
1003 4260 1090 4326 valet),
1109 4255 1239 4326 όξνβολῶ
1263 4256 1358 4326 (ὀξέων
1394 4317 1396 4321 ,

192 4321 285 4379 ἀκούω
308 4330 379 4382 Suid.
398 4332 431 4382 os.
450 4325 603 4397 εἰκοβολαλ),
628 4278 805 4399 μεμψιβολλῦ,
828 4327 1083 4399 waldemarum
1101 4334 1186 4385 minus
1206 4335 1358 4386 obscuratur

193 4415 269 4464 quam
286 4402 313 4452 in
331 4393 455 4455 εὐκόπως
472 4403 593 4466 πέττειν,
613 4396 730 4468 εὐκοπίη
747 4403 850 4474 τροφῆς
862 4406 1018 4471 Agatharch.
1038 4407 1069 4458 de
1087 4406 1168 4458 1111.
1187 4420 1213 4471 p.
1228 4405 1275 4458 30.
1294 4407 1357 4459 T.L
