2858 4964
168 356 236 413 ,ιιι
622 309 897 406 conunnmmus
1274 423 1275 427 Ν

171 535 211 577 .ο.
239 509 326 575 Cels.
349 507 409 572 IV.
434 509 509 572 411.
532 507 572 572 F.
595 505 656 571 Vl.
681 507 755 572 676.
778 507 817 572 F.
845 507 912 572 Dio
937 504 1013 572 Chr.
1037 505 1168 573 XVIII.
1199 508 1276 572 481.
1307 516 1339 574 et

181 598 426 685 quibuscunque
448 595 531 662 locis
554 592 701 672 πιστικάς
715 595 835 684 legitur
848 618 910 682 pro
924 594 1120 681 πειστήριος,
1140 594 1291 673 πιθανός
1298 598 1337 682 ¹),

181 685 317 753 eandem
345 683 540 752 medicinam
568 682 786 750 adhibendam
808 691 934 770 putent,
957 683 1084 761 facilem
1108 705 1185 749 sane
1209 692 1242 748 et
1263 708 1338 771 pro·

179 775 320 842 habilem
342 782 479 861 propter
492 772 653 838 iotacismi
668 772 906 860 contagionem,
930 773 1102 858 ancipitem
1117 782 1238 860 tamen,
1262 774 1337 858 quia

180 863 198 930 ὁ
223 859 259 929 τὸ
283 858 400 928 πιστὸν
423 865 503 946 ἔχων
525 861 578 926 vel
600 866 750 947 παρέχων
771 860 859 926 idem
882 860 947 938 dici
969 868 1079 948 potest
1100 859 1264 938 πιστικός,
1296 861 1336 926 ad

179 951 277 1017 fidem
299 949 482 1016 faciendam
505 958 613 1037 aptus,
636 957 669 1013 et
691 950 768 1033 quia
790 950 920 1015 nomina
941 950 1014 1036 ipsa
1036 953 1144 1026 πίστις
1166 957 1201 1014 et
1221 949 1336 1026 πιστός

179 1064 198 1105 a
222 1039 385 1105 communi
408 1038 557 1125 analogia
579 1036 755 1118 dissident3
782 1061 887 1122 neque
911 1039 996 1104 enim
1018 1034 1189 1113 πευστικός
1212 1046 1246 1102 et
1269 1045 1334 1102 ἐπι-

178 1124 331 1208 ληστικάς
364 1149 439 1192 cum
472 1123 619 1203 πιστικός
648 1134 799 1192 accurate
829 1135 1023 1213 congruunt.
1077 1124 1178 1212 Apud
1206 1125 1334 1191 Plutar-

180 1216 276 1283 chum
307 1215 347 1280 de
376 1215 472 1280 discr.
502 1213 588 1280 adul.
618 1236 646 1279 c.
669 1214 807 1281 XXIX.
837 1208 874 1279 τὸ
899 1217 1065 1295 κακοηθὲς
1087 1217 1143 1279 καὶ
1165 1210 1334 1296 άπειστον,

178 1303 386 1370 scribendum
409 1311 459 1369 est
480 1298 637 1385 άπιστον,
653 1312 686 1367 et
708 1326 759 1389 ep.
782 1302 953 1368 Euclidem
975 1301 1067 1370 Stob.
1089 1302 1178 1368 Flor.
1196 1301 1256 1370 VI.
1282 1305 1332 1368 65.

177 1418 209 1480 p.
233 1395 285 1460 86.
317 1392 334 1456 ὁ
363 1396 423 1478 μὲν
451 1387 553 1467 ὕπνος
582 1395 670 1456 ἐστὶν
693 1389 844 1468 εὔπιστος
866 1395 922 1457 καὶ
944 1389 1060 1476 ῥᾴδιος
1082 1390 1287 1481 ἀποφυγεῖν,
1314 1390 1332 1456 ὁ

178 1485 212 1546 δὲ
239 1488 346 1567 ἕτερος
369 1478 554 1566 (θάνατος)
571 1518 612 1529 -
629 1475 769 1557 άπιστος
790 1482 845 1544 καὶ
868 1478 1106 1563 ἀπαραίτητος,
1128 1481 1237 1566 priore
1260 1479 1332 1545 loco

178 1564 359 1653 εάπειστος,
392 1569 494 1635 altero
529 1564 704 1643 ἄσπειστος
736 1568 788 1633 vel
822 1565 1079 1652 ἀπαράπειστος,
1114 1591 1165 1654 ap.
1196 1569 1331 1634 Aristot.

176 1658 354 1746 Physiogn.
386 1680 414 1723 ο.
436 1656 479 1721 V.
506 1658 587 1739 809,
617 1657 668 1721 36.
700 1653 971 1743 ὃνσπαράπιστον
992 1655 1182 1722 mutandum
1205 1658 1240 1721 in
1264 1660 1334 1733 ὃνς-

176 1743 413 1830 παράπειστον,
436 1767 497 1811 nec
519 1745 596 1810 ferri
617 1752 727 1830 potest
750 1743 1002 1826 δυςανάπιστον,
1032 1743 1119 1829 quod
1147 1745 1333 1832 complures

54 1877 58 1884 ·
176 1834 272 1901 codd.
302 1833 457 1901 exhibent
483 1833 567 1898 Plat.
597 1833 705 1898 Parm.
732 1834 804 1898 135.
827 1833 871 1897 Α.
902 1871 943 1881 -
976 1824 1079 1915 Quod
1104 1832 1146 1898 ad
1175 1834 1333 1921 Aeschyli

176 1922 435 1989 emendationem
463 1922 595 2003 attinet,
624 1922 654 1986 ei
682 1921 777 1987 facile
800 1922 1027 2005 renuntiarem,
1051 1923 1079 1988 si
1101 1922 1175 2007 quis
1199 1922 1333 2007 demon-

175 2019 301 2088 straret,
326 2008 439 2086 δισσάς
460 2033 522 2096 pro
545 2009 691 2075 diversus
715 2009 790 2075 dici.

262 2098 306 2164 V.
330 2099 390 2164 151
405 2136 446 2146 -
462 2099 535 2162 153.
587 2099 656 2164 Καὶ
674 2100 746 2174 πᾶς
768 2140 809 2149 -
830 2101 938 2184 χαίρει
961 2136 1003 2146 -
1027 2108 1097 2174 τοῖς
1124 2109 1196 2176 σοῖς
1219 2094 1332 2184 άχεσιν

174 2187 400 2272 καθυβρίζειν.
450 2185 545 2251 Haec
573 2186 672 2252 verba
698 2187 815 2273 repetit
836 2184 955 2253 Suidas
978 2209 1004 2252 s.
1028 2185 1125 2252 κλύει.
1170 2187 1333 2253 Herman-

174 2298 239 2340 nus
261 2277 368 2361 χαίρει
397 2275 611 2362 καιῖνβρίζοιν
640 2276 809 2362 conjungit
837 2275 965 2340 sublato
1001 2282 1169 2341 commate.
1225 2277 1332 2341 Καθ-

174 2365 313 2452 νβρίσας
337 2373 410 2438 τοῖς
438 2357 561 2428 άνθεσι
591 2362 677 2428 Plut.
706 2361 818 2450 Symp.
843 2363 919 2430 VH.
949 2360 1084 2445 Quaest.
1107 2363 1199 2429 VIII.
1229 2367 1261 2429 4.
1294 2366 1332 2454 τῇ

175 2454 283 2535 ductu
305 2450 402 2517 Paus.
426 2450 485 2516 IV.
511 2452 565 2534 27,
590 2453 619 2515 1.
648 2454 694 2534 τῷ
723 2455 853 2537 στρατῷ
875 2451 1021 2518 Herodo.
1037 2451 1063 2516 1.
1087 2453 1161 2517 212.
1208 2449 1329 2519 Simili·

173 2548 223 2605 ter
254 2542 442 2624 ιιαταγελᾴν
476 2561 551 2605 cum
585 2538 694 2605 dativo
728 2541 927 2606 construitur
959 2565 991 2608 v.
1019 2540 1129 2607 Fisoh.
1163 2539 1205 2606 ad
1220 2540 1330 2608 Well.

259 2716 302 2783 V.
327 2718 400 2782 155.
452 2715 518 2782 Οὐκ
548 2712 590 2780 άν
620 2714 774 2800 ἁμάρτοι.
819 2715 880 2782 La.
909 2740 959 2803 pr.
990 2726 1023 2782 et
1046 2717 1184 2782 fortasse
1207 2713 1329 2783 Suidae

171 2805 356 2893 codexap.
387 2805 480 2870 Pors.
509 2803 596 2870 Adv.
620 2828 653 2891 p.
672 2807 744 2871 184.
769 2802 946 2890 ἁμάρτοις,
973 2805 1007 2870 in
1035 2805 1124 2889 quod
1151 2805 1328 2892 Elmslejus

171 2897 359 2981 conjectura
387 2893 547 2960 deductus
577 2901 645 2975 est,
672 2917 738 2959 non
766 2893 1007 2976 animadverso,
1042 2893 1224 2981 subjectum
1254 2895 1327 2980 ipso

170 2983 341 3067 participio
364 2982 551 3068 significari,
574 2989 611 3047 ut
633 2981 767 3047 Hesiod.
792 2980 880 3067 Opp.
904 2984 955 3049 12.
979 2978 1039 3062 τὴν
1061 2987 1121 3064 μὲν
1143 2980 1327 3061 ἐπαινήσειε

170 3067 306 3152 νοήσας,
328 3069 362 3134 id
385 3079 445 3152 est,
470 3071 497 3135 εἰ’
517 3095 566 3147 τις
588 3068 725 3150 νοήσειε.
751 3111 792 3120 —-
816 3069 891 3136 Neo
913 3071 1019 3136 minus
1042 3070 1181 3158 gratuita
1203 3070 1328 3137 Wake-

168 3156 269 3222 fieldii
293 3160 481 3243 conjectura
495 3156 572 3223 Silv.
590 3160 629 3223 Τ.
645 3159 705 3225 ΙΠ.
723 3161 775 3224 67.
798 3153 883 3223 κατὰ
899 3160 920 3224 δ
929 3157 936 3178 '
955 3151 1061 3236 αὖτις
1077 3162 1166 3242 ἐμοῦ.
1190 3159 1251 3224 Eu.
1268 3158 1327 3224 Pu.

113 3260 155 3309 141
256 3244 300 3311 V.
324 3248 397 3310 157.
451 3242 546 3329 Πρὸς
574 3244 639 3331 γάρ
670 3244 728 3314 τὸν
756 3245 865 3330 ἔχοντ’
894 3245 911 3311 ὁ
943 3245 1079 3333 φθόνος
1101 3252 1197 3332 ἕρπει.
1249 3247 1327 3312 Ηοο

169 3353 265 3400 versu
294 3340 428 3398 utuntur
457 3331 567 3400 Schol.
598 3334 748 3422 Thucyd.
772 3333 832 3400 VI.
858 3337 910 3401 78.
938 3334 1049 3402 Schol.
1073 3334 1169 3400 Pind.
1193 3332 1247 3402 Ol.
1264 3335 1325 3402 VI.

172 3420 244 3486 124.
273 3418 383 3487 Schol.
414 3421 550 3488 Aristid.
580 3448 613 3510 p.
639 3422 786 3488 111.ed.
809 3423 954 3489 Fromm.
977 3424 1088 3510 Etym.
1111 3424 1161 3490 M.
1185 3446 1211 3491 s.
1235 3424 1326 3508 Ἀμέ-

167 3532 308 3592 γαρτον,
338 3506 456 3576 Suides
486 3534 511 3576 s.
541 3510 613 3589 Ἱείς
642 3521 675 3582 et
707 3509 865 3594 ψθόνος,
894 3511 1045 3578 Eustath.
1073 3537 1106 3600 p.
1124 3513 1205 3595 992,
1228 3515 1260 3580 4.
1294 3522 1327 3578 et

168 3618 243 3661 oum
265 3619 323 3664 sex
345 3620 435 3684 seqq.
459 3597 619 3666 Stobaeus
642 3601 708 3668 Tit.
731 3599 859 3665 XLIII.
886 3602 941 3684 18,
965 3603 1040 3668 241.
1087 3597 1183 3685 Πρὸς
1205 3598 1266 3667 τὸν
1290 3593 1325 3667 εὖ

114 3724 116 3727 -
167 3689 283 3770 ἔχοντα
312 3685 511 3753 substituunt
539 3686 727 3774 Simplicius
755 3689 790 3754 in
816 3688 924 3774 Epiot.
956 3711 984 3756 ο.
1015 3688 1149 3754 XXVI.
1181 3690 1257 3755 313.
1293 3699 1326 3755 et

165 3771 276 3842 Schol.
300 3776 421 3842 Aesoh.
445 3774 560 3862 Suppl.
585 3779 660 3843 498.
706 3776 850 3842 Praeivit
865 3776 1026 3844 Pindarus
1043 3777 1141 3845 Nem.
1160 3777 1253 3843 VIII.
1272 3780 1325 3847 37.

166 3858 304 3929 άπτεται
327 3863 462 3954 φθόνος
485 3867 588 3930 ἐσλῶν
610 3864 663 3931 άεί
684 3889 712 3930 κ.
738 3889 764 3929 τ.
789 3869 817 3930 λ.
862 3865 924 3930 En.
947 3865 1005 3931 Pu.

252 3952 295 4018 V.
326 3954 400 4018 159.
456 3949 642 4043 Σφαλερὸν
679 3951 805 4038 πύργον
838 3955 929 4040 ῥῦμα
961 3956 1126 4021 πέλονται.
1185 3952 1325 4021 Suidas:

170 4038 268 4125 Ῥῦμα
291 4038 438 4132 φυλακή·
460 4037 607 4129 χαλεπὸν
629 4040 755 4129 πύργον
776 4044 866 4128 ῥῦμα
888 4045 1031 4127 πέλεται,
1053 4047 1221 4110 τουτέστιν
1237 4043 1325 4111 εὐτε·

162 4126 221 4210 λῆς
243 4127 368 4215 (Schol.
393 4127 592 4220 ἐπισφαλής)
617 4127 905 4221 φολακὴπόλεως.
950 4129 1023 4198 Imo
1046 4130 1125 4197 nihil
1148 4130 1239 4198 aliud
1258 4134 1324 4221 sig·

236 4343 260 4408 ¹)
279 4349 403 4398 Artemid.
427 4349 459 4397 Il.
480 4346 522 4396 3³.
544 4347 602 4397 198.
627 4335 695 4413 γυνὴ
719 4338 831 4412 πιστιιιῆ
850 4349 896 4398 καὶ
915 4341 1037 4418 οἰνονράι
1054 4351 1125 4401 nullo
1143 4351 1224 4401 modo
1242 4354 1321 4402 addu·

160 4415 290 4467 bitandum
309 4428 355 4469 est.
376 4415 429 4482 [De
448 4417 573 4483 adjectivo
591 4411 717 4470 πιστικόε
733 4435 756 4470 v.
776 4421 872 4473 Winer.
893 4421 1006 4474 Gramm.
1024 4422 1055 4473 N.
1072 4422 1104 4472 Τ.
1124 4437 1150 4486 p.
1162 4418 1220 4483 86.]
