2858 4964
172 329 223 397 100
607 324 882 383 COMMENTARIUS

170 493 266 569 κοῖος,
289 481 537 551 Ohoeroboscus
552 479 680 548 Anecd.
703 505 737 569 p.
757 482 850 548 1389.
875 481 907 548 b.
931 488 965 546 et
977 478 1169 547 Eustathius
1184 503 1218 567 p.
1236 479 1333 566 [487,>

170 575 238 662 30]
265 574 360 656 1930,
385 573 436 638 30.
460 569 664 638 artificiosius
688 580 855 655 excusant,
878 567 1120 637 circumflexum
1135 591 1176 637 ex
1191 567 1328 636 diastasi

169 663 291 732 aeolica
319 668 520 747 repetentes,
549 667 587 725 ut
609 655 764 746 ἀχρήιος,
792 657 932 747 ἀχρεῖος.
984 656 1052 726 Sed
1073 659 1136 724 hoc
1158 658 1216 724 vix
1239 679 1327 745 com-

167 751 320 840 probavit
348 749 575 831 Herodianus,
603 748 659 833 qui
686 746 824 814 diaeresi
852 748 980 814 sublata
1001 770 1067 814 non
1089 769 1218 834 semper
1240 747 1327 834 peri-

168 841 280 928 spasin
309 839 466 924 consequi
494 836 620 903 monuit
648 859 700 923 ap.
723 836 818 903 Eust.
842 861 874 924 p.
900 839 975 921 217,
998 838 1051 903 42.
1075 835 1111 902 id
1133 835 1224 921 quod
1247 857 1326 904 con·

167 930 297 997 firmant
319 926 466 1013 exempla
488 924 629 1006 αὐλέϊος,
651 925 836 1011 >lycastus
858 923 1043 1009 βασιλήιος,
1066 921 1200 1012 ἀρήιος,
1230 947 1325 1010 quae,

168 1042 268 1105 quum
291 1016 538 1098 contrahuntur,
560 1022 826 1100 proparoxytona
847 1014 939 1083 liunt.
984 1013 1048 1081 His
1072 1035 1203 1100 quoquo
1226 1012 1325 1084 modo

169 1106 338 1194 explicatis
366 1128 466 1170 unum
496 1110 597 1170 restat
626 1103 757 1191 regulae
780 1104 1016 1191 incongruens,
1044 1106 1205 1187 τεμένιος,
1235 1101 1326 1187 quod

168 1194 359 1264 Eustathius
387 1217 421 1280 p.
446 1195 524 1276 149,
551 1193 601 1260 10.
630 1215 650 1257 a
677 1190 843 1278 Sophocle
874 1192 915 1259 ab
945 1215 1016 1260 eam
1046 1213 1177 1274 causam
1200 1213 1324 1257 assum-

167 1293 238 1350 tum
264 1291 373 1369 putet,
401 1281 492 1368 quia,
529 1281 556 1347 si
584 1284 744 1364 τεμὲντιος
772 1280 949 1365 diceretur,
983 1280 1001 1347 e
1029 1281 1133 1348 tribus
1163 1279 1324 1361 continuis

169 1371 301 1460 syllabis
325 1369 438 1437 eadem
460 1377 626 1435 resonaret
645 1369 777 1436 vocalis.
816 1367 883 1437 Sed
897 1393 962 1436 vox
976 1369 1033 1456 pol
1056 1368 1181 1457 syllaba
1196 1367 1325 1435 eadem·

169 1484 231 1547 que
258 1461 388 1548 poetica
416 1458 634 1526 excusationis
663 1458 744 1524 nihil
772 1457 906 1613 indlpet.
956 1459 1009 1524 Ex
1031 1394 1082 1525 his
1104 1481 1182 1525 vero
1205 1456 1325 1525 Gram-

167 1551 359 1616 maticorum
387 1548 543 1635 exemplis
567 1556 599 1613 et
621 1548 805 1634 praeceptis
829 1570 915 1614 care
940 1547 1166 1636 cognoscitur,
1189 1547 1324 1635 adjecti·

167 1663 244 1706 vum
268 1645 373 1726 ἕρκιος
395 1636 512 1719 stillis
535 1637 685 1724 ignarum
708 1647 741 1704 et
764 1660 783 1701 a
804 1637 1014 1725 proportione
1038 1635 1217 1704 abhorrens
1228 1658 1323 1716 ,esse;

167 1750 242 1794 nam
268 1751 288 1794 a
317 1725 518 1809 nominibus,
551 1747 633 1811 quae
661 1747 735 1792 cum
765 1732 857 1812 ἕρκος
886 1726 1026 1793 conferri
1052 1733 1206 1813 possunt,
1235 1725 1324 1792 nulla

167 1816 393 1904 producuntur
414 1814 575 1902 adjectica
595 1814 658 1880 nisi
680 1815 714 1879 in
738 1819 812 1892 ὲῖιῖς.
863 1815 965 1900 quue
987 1813 1126 1882 dalidius
1153 1823 1205 1881 est
1227 1837 1324 1902 argu·

167 1914 310 1971 mentum
339 1928 436 1991 quam
464 1904 517 1969 vel
544 1912 712 1990 poetarum
740 1903 917 1970 auctoritas
945 1903 995 1970 vel
1018 1903 1169 1970 codicum
1191 1903 1322 1969 indicia

167 1992 235 2060 Sed
264 1993 352 2078 quod
379 1992 421 2058 ad
450 1992 643 2076 scripturam
670 1991 822 2058 vocabuli
844 1992 974 2076 attinet,
997 1992 1155 2079 hactenus
1178 1993 1221 2059 sit
1244 1992 1323 2068 satis
1421 2044 1424 2049 ,

167 2081 300 2148 dictum.
345 2083 439 2148 Κίων
462 2083 587 2165 ἑρκείου
610 2085 735 2164 στέγης,
757 2089 794 2147 ut
809 2078 992 2149 Scholiasta
1012 2082 1067 2163 ait,
1089 2083 1142 2148 vel
1156 2081 1323 2149 tibicinem

112 2186 154 2230 121
167 2169 339 2256 significat,
363 2170 419 2253 qui
440 2168 519 2235 tecti
540 2167 664 2234 trahem
687 2169 791 2252 fulcit,
814 2167 873 2236 τὸν
887 2167 948 2252 την
964 2165 1094 2256 ὀροφὴν
1107 2169 1323 2255 ὑπερείδοντα

168 2262 264 2324 κίονα
296 2257 383 2322 Plut.
408 2256 450 2322 V.
485 2256 580 2322 Rom.
616 2280 644 2322 ο.
678 2258 845 2325 XXVIII.
879 2259 978 2330 Paus.
1007 2259 1066 2326 VI.
1092 2261 1129 2343 9,
1159 2260 1189 2325 3.
1225 2281 1323 2344 quern

167 2344 352 2433 Aeschylus
374 2345 492 2432 Agam.
518 2347 592 2412 897.
622 2345 753 2435 ὑψηλῆς
782 2353 898 2432 στέγης
920 2351 1040 2416 στῦλον
1062 2348 1200 2433 ποδήρη
1214 2357 1323 2430 vocat,

166 2436 219 2502 iel
248 2435 424 2520 quamlibet
451 2434 546 2500 aliam
576 2434 760 2503 columnam
787 2434 821 2502 iri
844 2436 918 2504 aula
939 2437 1070 2504 tentorii
1091 2438 1241 2524 positam.
1287 2436 1322 2502 Is

153 2533 342 2596 ,consuetus
377 2523 548 2612 alligandis
586 2524 692 2590 noxiis
725 2525 835 2592 locus:
875 2528 1072 2610 τιροςδτθεὶς
1104 2529 1189 2592 κίονι
1222 2527 1322 2608 ἔλαβε

166 2607 295 2699 πληγὰς
320 2611 447 2690 πολλάς
475 2611 634 2679 Artemid.
662 2613 689 2678 I.
720 2616 772 2680 78.
801 2637 835 2701 p.
858 2616 932 2682 114.
966 2611 1125 2698 δήσαντες
1152 2612 1236 2700 πρὸς
1262 2611 1323 2680 τὸν

165 2706 261 2769 κίονα
290 2700 393 2770 αὐτὸν
421 2704 620 2784 ἐμαστίγουν
647 2702 805 2768 Aeschin.
835 2724 864 2767 c.
892 2703 976 2768 Tim.
1004 2727 1036 2790 p.
1059 2704 1112 2770 83.
1142 2702 1322 2788 eodemque

166 2791 263 2858 modo
286 2790 405 2878 Lysias
426 2791 482 2856 Fr.
506 2789 617 2856 XLV.
641 2792 718 2874 407,
740 2794 770 2857 4.
795 2790 983 2878 Hyperides
1006 2816 1057 2879 ap.
1081 2791 1163 2858 Poll.
1179 2792 1240 2858 III.
1266 2793 1320 2858 80.

149 2881 229 3034 lt.
253 2879 572 3035 ⁰l335..mt.⁰.¹¹.¹l⁰
581 2887 680 3034 >imi
702 2903 729 3033 1¹¹
725 2879 804 3034 ft?
822 2885 1000 3037 simiai
1026 2881 1187 3036 0111·
1200 2880 1323 3036 alibi

166 3055 358 3143 ἀρσενικῶς,
386 3054 479 3142 nacci
508 3059 543 3122 δὲ
569 3065 640 3134 τοῖς
657 3052 767 3123 Ἴωσιν
790 3056 810 3139 η
833 3062 912 3124 κίων
934 3062 989 3125 καὶ
1011 3055 1118 3126 πολλῶ
1142 3065 1236 3145 ἔτερα
1259 3057 1322 3145 ἀρ-

102 3223 105 3229 ,
166 3147 297 3220 σενικῶς
319 3142 516 3235 γραφόμενα
539 3147 694 3226 θηλυκῶς
717 3138 808 3213 οὗτοι
830 3152 1044 3238 προφέρουσι.
1089 3145 1199 3215 Schol.
1222 3145 1321 3212 Pind.

166 3228 263 3298 01.1.
290 3234 339 3298 10.
363 3231 385 3312 ἡ
409 3229 516 3317 αἰθὴρ
539 3230 631 3321 τιαροὶ
654 3245 723 3310 τοῖς
740 3230 850 3302 Ἴωσιν
872 3233 916 3314 ῶς
937 3235 958 3318 ἡ
981 3239 1059 3302 κίων
1081 3239 1137 3302 καὶ
1160 3235 1323 3324 ηΜαρα-

165 3316 250 3386 θῶν.
290 3319 328 3386 οὐ
351 3317 461 3386 πάντα
484 3323 518 3387 δὲ
541 3325 679 3388 τοιαῦτα
702 3320 816 3389 ὶωνικά
839 3331 949 3391 ἐστιν
967 3328 1035 3391 ἐπεὶ
1057 3327 1113 3390 καὶ
1136 3328 1167 3390 οἱ
1180 3323 1323 3391 Ἀττικοὶ

165 3401 273 3473 πολλὰ
312 3410 377 3474 τῶν
418 3407 591 3492 ὀνομάτων
622 3406 779 3496 ἀρσενικὰ
813 3408 896 3480 ὄντα
929 3415 1093 3494 θηλυκῶς
1116 3416 1321 3502 ἐκφέρουσιν.

164 3495 256 3562 Idem
284 3519 387 3584 genus
415 3497 536 3565 Atticis
566 3499 680 3565 tribuit
707 3499 816 3587 Etym.
845 3501 895 3570 M.
926 3525 951 3568 s.
975 3528 1006 3568 v.
1036 3523 1098 3569 nec
1120 3501 1217 3567 video
1241 3523 1323 3587 quo-

164 3585 261 3651 modo
283 3585 524 3675 Lexicographi
546 3589 651 3655 nostri
674 3589 872 3655 contrarium
894 3592 978 3657 tueri
1000 3591 1136 3677 possint.

252 3674 294 3740 V.
320 3677 393 3743 109.
446 3680 485 3742 Τι’
513 3678 598 3756 δῆτα
623 3719 664 3728 -
688 3677 776 3744 hunc
802 3702 933 3746 versum
962 3680 1087 3767 profert
1107 3678 1265 3745 Atticista
1288 3679 1323 3744 in

164 3761 337 3829 Villoisoni
359 3764 487 3830 Anecd.
511 3788 544 3851 p.
562 3767 614 3831 83.
638 3765 697 3832 sed
719 3766 873 3834 mendose
896 3764 942 3854 μη
965 3771 1050 3850 δῆτα
1073 3767 1201 3856 scribit,
1230 3769 1323 3853 quod

163 3861 213 3919 est
235 3852 403 3920 exordium
424 3876 537 3920 versus
562 3857 635 3920 111.

250 3941 293 4009 V.
320 3944 392 4008 110.
446 3939 597 4028 Μάστιγι
629 3947 818 4035 φοινιχθελς
846 3943 947 4024 θάνη.
1003 3943 1154 4011 Eudocia
1187 3967 1220 4030 p.
1244 3946 1322 4012 200.

162 4027 347 4117 spacioso&
371 4034 587 4122 περίφραγμα
611 4036 669 4112 τῆς
692 4033 796 4113 αὐλῆς
819 4033 898 4118 (hoc
920 4014 1028 4120 ιἑρκίον
1044 4033 1179 4119 dicitur)
1195 4033 1324 4125 Σοφο-

161 4123 240 4202 κλῆς
268 4123 346 4205 πρὶν
376 4114 417 4186 ῶν
448 4123 560 4196 δεθεὶς
586 4117 669 4204 πρὸς
698 4124 794 4188 κίονα
826 4126 942 4206 στέγης
969 4119 1104 4206 μάστιγι
1129 4127 1323 4208 φοινιγθεὶς

164 4208 263 4298 θοίνη.
315 4209 446 4275 Perstat
472 4209 506 4273 in
537 4208 688 4294 opinione
718 4218 827 4276 vetere
849 4210 987 4276 Bothius
1009 4236 1061 4276 vv.
1089 4211 1160 4275 109.
1186 4218 1220 4274 et
1245 4213 1320 4277 110.

114 4347 115 4351 ,
161 4294 196 4362 in
222 4319 321 4362 unum
352 4296 592 4363 contrahendos
623 4320 695 4363 esse
718 4299 845 4364 omissis
868 4299 975 4364 verbis
998 4295 1057 4364 τὸν
1080 4297 1245 4379 δύστηνον
1268 4306 1322 4388 ἔρ·
1377 4370 1381 4372 ,

161 4382 252 4466 γάσα
286 4383 388 4452 κακὸν
421 4385 574 4473 μάστιγι,
609 4386 656 4450 sic
691 4396 728 4451 ut
758 4387 908 4454 Minerva
939 4387 1131 4474 pronunciet
1161 4387 1195 4452 τί
1222 4389 1323 4474 δῆτα,
