2858 4964
191 315 225 370 86
576 332 577 335 ¹
632 303 905 361 COMMENTARIUS

271 468 322 535 V.
344 467 397 534 59.
434 462 607 535 .Φοιτῶντ’
635 460 742 548 ἄνδρα
770 458 931 546 μανιάσιν
961 458 1082 539 νόσοις.
1140 459 1243 527 Ηο00
1263 472 1348 527 ‘ver-

193 582 264 627 sum
293 554 480 644 Hesychius
515 552 647 619 exhibet
681 551 739 618 sed
767 551 1015 637 interpolatum:
1053 548 1214 639 φοιτῶντ’
1241 544 1347 633 ἄνδρα

191 644 330 734 μανιάσι
353 641 501 726 λύσσαις,
524 638 727 727 λνσσήμασι·
750 635 811 719 τὴν
834 643 971 729 ἑδραίαν
994 643 1120 725 μανίαν
1143 649 1263 727 φοῖτον
1287 641 1348 704 ἔλε-

192 757 267 822 γον·
297 739 443 799 τουτέστι
471 727 531 797 τὸν
557 729 642 813 μεθ’
664 728 768 816 ὁρμῆς
795 725 975 811 μεμηνότα.
1024 724 1198 794 Metrodoro
1229 724 1347 807 λυσσή-

193 845 275 910 μασι
298 822 451 892 adsutum
475 828 525 886 001
547 841 588 884 ex
609 818 688 884 Eur.
714 815 772 885 Or.
790 819 864 883 270.

281 910 323 976 V.
341 913 393 978 60.
440 909 642 991 Εὶςέβαλλον
666 912 710 984 εὶς
733 913 808 993 ἕρκη
830 901 926 972 κακά.
972 903 1082 972 801101.
1098 904 1198 972 Laur.
1225 912 1259 971 et
1278 905 1347 971 cod.

192 1000 253 1066 La.
277 997 439 1086 γράφεται
463 991 760 1084 &cicatricantia
807 992 876 1061 Sub
906 994 967 1059 hac
994 995 1134 1060 lectione
1158 993 1348 1061 Wunderus

194 1087 333 1154 Advers.
357 1087 391 1152 in
414 1086 554 1151 Philoct.
578 1108 610 1172 p.
630 1086 682 1151 56.
712 1082 895 1169 suspicatur
916 1083 1018 1148 latere
1041 1083 1201 1149 veriorem
1225 1089 1270 1160 εὶς
1293 1080 1348 1170 ἅρ-

195 1200 253 1241 κον
286 1172 399 1258 κακήν.
456 1173 618 1258 Equidem
651 1180 799 1238 neutram
833 1196 852 1239 a
881 1169 1045 1258 Sophocle
1069 1172 1259 1257 profectam,
1295 1170 1350 1238 sed

195 1264 295 1347 illam,
319 1264 371 1329 cui
393 1262 580 1328 Erfurdtius
602 1262 835 1348 patrocinatur,
857 1284 994 1347 prorsus
1021 1260 1258 1327 intolerabilem
1282 1283 1349 1326 esse

196 1353 336 1418 arbitror
363 1360 499 1439 propter
528 1374 583 1418 eas
610 1352 767 1434 rationes,
797 1372 877 1434 quas
901 1350 979 1415 olim
1001 1351 1108 1416 minus
1132 1348 1275 1414 dilucide
1299 1373 1349 1415 ex-

195 1442 299 1528 posui.
353 1441 484 1506 Etenim
514 1440 542 1505 si
563 1439 652 1526 Ajax
684 1448 741 1507 aut
769 1439 888 1524 aliquis
917 1462 935 1504 e
957 1438 1134 1526 majoribus
1158 1441 1228 1526 ejus
1253 1436 1350 1504 caede

160 1577 161 1580 ¹
196 1553 231 1597 se
267 1529 493 1597 obstrinxisset
527 1529 666 1612 nefaria,
701 1537 771 1594 tum
798 1551 876 1593 vero
906 1536 1107 1613 consequuta
1136 1527 1200 1592 hoc
1225 1527 1351 1593 facinus

197 1616 404 1702 θεοβλάβεια
433 1619 565 1704 proprie
592 1640 733 1702 vereque
762 1617 922 1704 potuisset
945 1640 964 1680 a
985 1617 1158 1683 Furiarum
1181 1617 1285 1702 repeti
1306 1617 1351 1681 in-

196 1708 317 1775 stinctu
354 1729 470 1790 coeco,
505 1715 543 1771 ut
577 1709 708 1795 φρενῶν
736 1703 862 1789 ἐριννύς
891 1705 1004 1794 Antig.
1029 1707 1103 1771 603.
1133 1713 1272 1770 vocatur
1299 1705 1353 1771 illa

196 1797 353 1878 amentia,
382 1819 464 1880 quae
489 1792 611 1881 Oedipi
633 1795 788 1861 familiam
810 1794 986 1880 parricidio
1009 1795 1205 1862 funestatam
1227 1794 1262 1859 in
1283 1817 1353 1880 per-

195 1886 311 1950 niciem
341 1884 467 1972 agebat.
522 1881 589 1951 Sed
617 1907 718 1969 quum
741 1883 828 1970 Ajax
856 1882 937 1949 nihil
963 1883 1028 1950 tale
1057 1885 1092 1949 in
1120 1906 1155 1949 00
1178 1882 1353 1967 admiserit,

196 1996 237 2038 ne
262 1971 403 2054 Quintus
427 1972 557 2058 quidem
579 1972 622 2038 V.
640 1974 714 2039 360.
739 1973 868 2038 01452.
893 1975 962 2060 ejus
985 1973 1144 2039 insaniam
1163 1972 1284 2038 Euriae
1306 1973 1353 2037 in-

198 2060 310 2127 scribit
339 2061 397 2127 sed
423 2062 549 2150 Lyssae
578 2061 645 2127 sive
666 2061 815 2144 Maniae,
845 2084 909 2145 qua
937 2085 1037 2148 quum
1065 2061 1253 2148 Aeschylus
1265 2063 1294 2148 ¹)
1323 2069 1355 2127 et

196 2148 372 2234 Euripides
406 2150 447 2216 ad
476 2150 710 2237 pervertendas
739 2148 878 2216 Penthei
907 2160 940 2216 et
967 2150 1123 2217 Herculis
1151 2157 1276 2216 mentes
1304 2150 1354 2217 usi

29 2317 36 2324 ⁶
198 2246 317 2321 essent,
341 2236 494 2324 Orpheus
517 2240 600 2327 Arg.
618 2241 692 2306 872.
717 2238 857 2305 Nonnus
881 2239 1017 2306 XXXI.
1043 2241 1095 2305 73.
1126 2238 1253 2307 XLIV.
1280 2240 1353 2305 259.

142 2345 186 2392 104
198 2335 377 2412 poetaeque
404 2327 511 2407 latini,
541 2329 666 2415 priscae
694 2328 859 2415 religionis
882 2328 1003 2416 ignari,
1036 2351 1109 2395 cum
1131 2328 1204 2394 illos
1226 2329 1354 2411 heroes,

198 2423 267 2479 tum
296 2414 481 2500 Bacchum,
510 2418 667 2500 Te'reum,
696 2416 849 2482 Medeam
872 2417 980 2482 Furiis
1005 2417 1162 2483 obnoxios
1185 2416 1355 2500 inducunt,

198 2526 333 2589 quarum
363 2529 478 2572 munus
508 2514 636 2572 constat
665 2507 843 2597 antiquitus
874 2507 975 2572 multo
999 2506 1192 2572 arctioribus
1216 2507 1356 2572 circum-

198 2593 355 2680 scriptum
370 2594 470 2661 fuisse
485 2595 682 2683 regionibus.
722 2592 758 2661 Si
774 2596 846 2679 quis
861 2603 968 2661 autem
985 2595 1048 2661 hcc
1064 2594 1227 2678 defendat,
1252 2592 1355 2661 Grae-

199 2683 245 2748 cis
275 2683 418 2748 solemne
450 2692 520 2750 esse
545 2683 680 2750 consilia
703 2691 735 2748 et
758 2684 854 2766 facta,
879 2707 960 2768 quae
983 2684 1108 2750 nullum
1131 2683 1263 2768 quidem
1286 2707 1356 2750 sce-

196 2771 248 2838 lus
278 2771 337 2836 sed
364 2774 528 2839 funestum
555 2781 663 2838 1011100
687 2772 808 2837 01111001
830 2772 987 2856 habeant,
1016 2773 1058 2838 ad
1080 2773 1196 2838 Furias
1219 2774 1354 2860 rejicere

197 2868 346 2926 auctores
376 2859 440 2929 Od.
465 2861 544 2929 XV.
569 2863 643 2927 299.
671 2861 710 2928 11.
734 2861 835 2926 XIX.
861 2864 911 2928 87.
944 2885 1007 2946 quo
1038 2870 1165 2947 spectat
1194 2861 1355 2949 Hesychii

128 2992 130 2995 -
197 2948 306 3034 glossa
331 2947 496 3032 Ἐριννύος
519 2947 579 3028 τὰς
602 2948 784 3036 ἁμαρτίας,
816 2958 912 3035 atque
936 2949 1016 3016 adeo
1039 2951 1157 3016 Furiae
1180 2974 1300 3017 nomen
1323 2952 1356 3017 10

196 3038 463 3103 nocentissimum
497 3062 656 3123 quemque
691 3035 830 3104 conferri
866 3040 984 3127 Agam.
1011 3041 1085 3105 729.
1122 3037 1230 3106 01001.
1259 3042 1354 3107 1390.

197 3121 298 3209 Soph.
320 3124 372 3190 El.
396 3128 469 3192 809.
499 3151 564 3194 0011
593 3128 725 3214 proprie
755 3127 813 3193 sed
834 3151 892 3214 per
909 3127 1174 3211 similitudinem,
1203 3129 1355 3213 equidem

196 3211 280 3275 ultro
304 3212 434 3298 largiar,
462 3214 543 3280 illud
566 3216 695 3282 ultionis
720 3215 759 3281 ab
783 3216 921 3282 inimicis
944 3216 1105 3302 petendae
1128 3217 1300 3285 consilium
1324 3226 1356 3284 et

196 3298 273 3364 hinc
297 3309 465 3384 sequutam
488 3303 573 3369 vitae
596 3304 852 3392 desperationem
876 3303 1003 3391 ἐριννύν
1018 3307 1178 3372 nominari
1196 3308 1354 3393 potuisse,

198 3408 262 3470 quo
293 3389 422 3454 nomine
449 3391 483 3455 in
512 3415 551 3457 ea
579 3416 614 3458 re
643 3395 744 3458 utitur
770 3401 869 3480 poeta
898 3393 998 3459 Anth.
1027 3395 1098 3463 Pal.
1127 3395 1190 3460 IX.
1219 3420 1252 3461 n.
1276 3398 1354 3461 470.

196 3475 333 3561 Ajacem
367 3478 552 3545 consolans:
588 3479 626 3547 οὐ
660 3477 724 3568 γὰρ
757 3480 924 3560 Ὀδυσσεὺς
952 3479 1061 3563 ἤλιτεν
1091 3489 1134 3561 εὶς
1166 3487 1201 3550 οὲ
1232 3487 1356 3568 θέλων,

195 3559 319 3647 βριαρή
355 3567 389 3630 δέ
423 3565 458 3632 α’
490 3570 628 3657 ἔπεφνεν
655 3565 784 3650 Ἀθήνη
814 3607 856 3618 --
885 3573 940 3636 καὶ
975 3569 1164 3661 ἠεροφοῖτις
1201 3571 1352 3656 Ἐριννύς.

196 3650 321 3717 Verum
349 3653 412 3720 hoc
438 3656 510 3721 loco
534 3659 642 3745 agItur
664 3657 704 3722 de
726 3659 817 3724 brevi
839 3659 895 3724 illo
918 3660 986 3726 sive
1009 3660 1223 3745 1110011001νο1
1243 3663 1357 3728 oeulo-

195 3762 267 3825 rum
297 3762 420 3826 errore,
450 3745 506 3828 qui
534 3746 568 3810 in
590 3746 753 3832 pecudum
776 3748 952 3834 perniciem
974 3751 1088 3829 vertit,
1119 3772 1214 3834 quem
1238 3751 1266 3816 si
1284 3751 1357 3816 Mi-

195 3831 388 3916 nerva'jam
415 3839 494 3898 tunc
521 3834 683 3919 praevidit
711 3836 836 3902 auctori
865 3836 1030 3903 funestum
1059 3839 1145 3920 fore,
1181 3849 1292 3905 tamen
1322 3839 1357 3906 id

194 3917 402 3984 nullomodo
426 3921 608 4008 significare
631 3923 743 3990 debuit
754 3925 1003 4010 spectatoribus,
1026 3927 1166 4013 primum
1181 3951 1222 3993 ne
1233 3930 1356 4015 jucun-

269 4096 292 4161 ¹)
310 4101 341 4151 ln
358 4101 473 4153 ranan
485 4103 585 4168 rragm.
598 4105 631 4155 11.
652 4120 699 4170 pro
717 4105 840 4171 κιίτημι
857 4080 1160 4174 001100ιο0100
1177 4105 1356 4162 1100110110-

194 4182 249 4233 σηε.
290 4173 338 4223 1110
363 4175 496 4224 commode
518 4191 579 4226 usus
603 4183 642 4227 est
663 4178 797 4242 Euripides
822 4179 898 4230 Herc.
919 4179 996 4231 1288.
1021 4172 1142 4245 γλώσσης
1164 4183 1275 4251 πικροῖς
1297 4184 1356 4232 κέν-

194 4256 283 4308 τροισι
298 4237 533 4312 κλῃδουχούμενοι,
553 4249 604 4298 sive
622 4250 707 4312 potius
726 4242 946 4314 κληδονούμινοι.
978 4253 1008 4302 In
1021 4253 1155 4318 Sophoclis
1176 4268 1258 4317 versu,
1278 4271 1356 4320 quem

75 4346 81 4360 .
195 4313 272 4432 ntimo.
291 4315 349 4365 125.
372 4318 554 4382 producemus,
582 4311 680 4383 λύσοηι
706 4322 813 4386 πικροῖς
835 4322 990 4391 νέντροισιν
1012 4315 1210 4390 η’ριθισμώεον,
1236 4328 1355 4377 convenit

69 4433 71 4439 ,
195 4396 212 4429 u
253 4398 337 4448 mque.
