2850 4958
206 345 256 401 162
551 384 553 388 .
644 338 918 395 COMMENTARIUS

204 498 338 568 XXVI.
364 500 415 564 25.
441 499 493 563 ἐπὶ
515 500 586 565 κυνὶ
608 495 705 575 νότος
726 506 800 562 πνεῖ
820 495 864 562 ib.
889 495 956 582 62]
980 496 1033 562 Ex
1057 517 1095 561 eo
1120 494 1207 580 quod
1229 496 1264 562 in
1288 493 1360 561 cod.

203 593 242 656 Γ.
271 589 392 676 legitur
419 584 483 674 yolo
513 584 701 674 decacorde
730 586 883 673 conjiciat
910 585 1025 670 aliquis
1054 582 1253 672 Sophoclem
1266 605 1270 609 ’
1285 585 1359 652 scri·

144 698 146 701 ·
202 678 307 765 psisse
332 675 393 742 ἀπ’
421 674 618 760 ἀστεροπᾶς.
663 675 724 743 En.
747 675 805 740 Pu.

290 767 333 832 V.
357 767 431 831 259.
485 767 555 830 Καὶ
583 767 644 830 νῦν
673 761 836 854 φρόνιμος
866 769 941 829 νίον
963 757 1066 846 άλχος
1089 767 1159 850 ἔχει.
1206 761 1359 850 Complu-

146 900 158 921 .
202 879 254 922 res
285 853 380 921 codd.
409 853 487 919 Ald.
519 862 552 917 et
580 851 701 919 Suidae
729 852 815 917 Edd.
844 860 922 918 vett.
952 851 974 920 l.
1005 874 1032 917 c.
1064 848 1246 944 φρόνιμον,
1276 852 1361 937 quod

202 945 410 1010 Hermannus
434 942 595 1027 praetulit.
637 940 719 1008 cod.
736 942 775 1006 Γ.
799 941 890 1027 λσχει,
914 966 964 1026 χρ.
981 944 1053 1026 ἔχει,
1077 938 1165 1025 quod
1181 940 1224 1006 ad
1239 966 1270 1006 v.
1288 944 1359 1007 257.

202 1033 364 1120 pertinere
387 1031 524 1097 videtur.

286 1121 333 1186 V.
352 1122 425 1186 260.
478 1115 525 1185 Τό
548 1115 612 1203 γάρ
635 1116 815 1196 λςλεόσσειν
838 1127 871 1183 et
893 1140 975 1202 quae
1000 1125 1178 1202 sequuntur
1200 1118 1362 1203 usquead

203 1209 379 1288 ὑποτείνει,
410 1208 548 1275 afferunt
569 1206 731 1275 Stobaeus
754 1206 857 1275 Serm.
881 1205 1011 1273 XCIX.
1039 1209 1090 1272 21.
1116 1207 1255 1273 Tzetzes
1279 1205 1361 1273 Ohil.

203 1299 249 1364 X.
274 1300 348 1364 582.
373 1297 492 1365 Suidas
516 1319 541 1362 s.
573 1293 619 1362 Τό
641 1295 705 1384 χάρ
729 1306 762 1363 et
781 1296 970 1374 Ὑποτείνει,
994 1295 1184 1362 Eustathius
1213 1320 1247 1382 p.
1268 1299 1361 1379 1422,

204 1391 256 1454 60.
288 1388 370 1452 duos
402 1397 585 1473 postremos
612 1408 727 1452 versus
759 1381 914 1466 Μηδενός
937 1424 979 1434 -
1003 1384 1162 1451 ὑποτείνει
1192 1382 1363 1451 Gramma·

202 1479 287 1543 ticus
310 1476 492 1542 Hermanni
514 1499 545 1561 p.
573 1477 646 1541 391.
693 1474 881 1551 Ελςλεόσειν
906 1472 977 1540 cod.
1002 1474 1041 1539 Γ.
1087 1474 1147 1539 Ευ.
1171 1473 1229 1539 Pe.

218 1626 222 1635 .
291 1565 334 1631 V.
353 1567 426 1631 263.
471 1562 561 1642 Ἀλλ’
588 1603 630 1614 -
655 1562 797 1649 εὐτυχεῖν
827 1566 920 1632 δοκῶ.
966 1560 1075 1629 Schol.
1108 1569 1141 1629 ἐν
1165 1561 1299 1649 εὐτυχίᾳ
1322 1559 1363 1628 dv

204 1655 329 1738 ε’ίημεν,
359 1663 395 1719 ut
417 1654 626 1721 Hermannus
656 1657 767 1718 ολιίεον
789 1656 865 1718 mitt
887 1656 1026 1736 paudere
1046 1673 1154 1735 pocae.
1198 1652 1363 1738 Imperso-

202 1744 275 1810 nale
299 1753 349 1810 est
370 1744 493 1810 Aesch.
517 1741 607 1828 Sept.
626 1743 700 1814 260.
723 1733 761 1807 εὖ
784 1738 1018 1827 συντυχόντων.
1128 1768 1130 1773 ’

291 1832 334 1898 V.
353 1834 427 1898 264.
478 1832 632 1917 Φρούδου
654 1826 717 1914 χάρ
743 1868 784 1878 -
808 1830 896 1896 hunc
918 1852 1050 1895 versum
1073 1827 1228 1894 delibavit
1243 1829 1363 1895 Eusta-

201 1921 295 1986 thius
318 1945 350 2006 p.
371 1923 435 1986 487
445 1968 454 2003 ,
479 1923 508 1986 2.
559 1919 711 1985 Eundem
741 1941 815 1984 cum
843 1918 1056 1985 antecedente
1084 1918 1219 2004 apponit
1243 1916 1363 2003 Suidas

192 2010 228 2074 e.
257 2011 402 2094 Φροῦδα.
427 2007 539 2076 Schol.
569 2006 727 2096 φροόδου,
758 2005 913 2088 δηλονότι
937 2004 1041 2084 όντος.
1087 2006 1193 2072 Aliter
1216 2010 1364 2094 φροῦδος

202 2119 267 2161 non
299 2097 509 2199 construitur.
568 2096 713 2165 Genitivi
743 2095 891 2185 φρούδου
919 2096 1102 2182 exemplum
1131 2095 1269 2160 alterum
1299 2119 1363 2161 non

203 2208 236 2249 re
262 2208 317 2249 err.

237 2207 267 2339 p,
290 2271 333 2338 V.
357 2274 431 2338 265.
480 2270 615 2360 Πότερα
645 2273 679 2338 δ’
700 2266 753 2355 άν,
786 2279 813 2338 εἰ
835 2279 928 2357 νέμοι
950 2297 999 2349 τις
1022 2277 1149 2362 αἵρεσιν
1174 2313 1214 2323 -
1238 2271 1363 2338 Mirum

129 2429 131 2434 ,
203 2369 253 2427 est
287 2370 442 2445 quantum
477 2361 554 2427 hinc
586 2361 749 2449 discrepet
778 2359 939 2428 Stobaeus
967 2359 1068 2428 Serm.
1101 2358 1210 2426 CXII.
1239 2364 1269 2427 8.
1307 2363 1364 2446 qui

201 2474 253 2516 vv.
279 2451 342 2516 265
357 2489 397 2498 -
411 2451 484 2516 267.
520 2456 672 2536 promens
708 2474 819 2518 eorum
854 2451 994 2537 primum
1022 2452 1068 2516 ite
1096 2451 1209 2516 scribit
1237 2447 1364 2539 πότερα

202 2541 303 2606 δίειπέ
332 2539 427 2624 (cod.
457 2538 622 2625 διάνειμε)
651 2564 708 2621 μοι
737 2538 804 2605 τίν’
830 2543 955 2623 αἵρεσιν
985 2538 1111 2620 λάβοις.
1169 2542 1277 2604 Λίειπό
1306 2563 1365 2623 μοι

201 2626 300 2693 Hom.
328 2627 366 2693 Il.
395 2628 442 2696 X.
473 2630 547 2693 525.
599 2627 776 2716 Vulgatam
809 2626 917 2693 reddit
946 2626 1066 2694 Suidas
1096 2649 1121 2692 s.
1159 2626 1209 2707 ,Ἐξ
1236 2625 1362 2692 ἁπλῶν.

201 2715 267 2782 Pro
292 2722 385 2800 νέμοι
408 2716 473 2782 duo
496 2717 570 2783 Bar.
595 2717 654 2782 La.
678 2717 788 2801 Mosq.
810 2718 852 2781 A.
877 2725 910 2782 et
933 2716 997 2782 duo
1021 2716 1251 2802 bipes-cepo,
1275 2714 1364 2780 idern

201 2805 294 2870 Harl.
325 2805 384 2871 scd
411 2813 511 2892 supra
537 2805 660 2891 scripto
689 2807 775 2885 δοίη.
803 2805 925 2871 Dresd.
948 2806 990 2870 A.
1022 2800 1063 2884 ἢν
1085 2808 1194 2887 νέμοι,
1218 2803 1296 2870 den.
1321 2798 1364 2884 ἢν

201 2899 293 2978 νέμη,
317 2894 389 2959 cod.
419 2897 455 2960 Θ.
481 2901 507 2959 ελ
529 2899 629 2979 νέμει,
653 2893 716 2959 cod
740 2895 773 2958 Γ
771 2947 778 2962 .
802 2891 927 2978 πότερα
950 2891 983 2957 δ’
1005 2899 1031 2957 εὶ
1053 2897 1151 2976 νέμει.

290 2982 331 3047 V.
350 2985 424 3049 268.
477 2980 524 3047 Τό
548 3008 598 3049 τοι
622 2982 779 3062 διπλάζον
802 3021 844 3031 -
868 2981 1092 3047 Antiatticistc
1107 2979 1232 3047 Anecd.
1256 3003 1290 3066 p.
1309 2983 1362 3047 89.

201 3067 360 3136 <laniciem
389 3068 426 3135 τό
456 3068 670 3138 διπλασιάσαι
694 3065 830 3152 Ἄλεξις,
854 3071 1033 3152 transitive,
1056 3078 1148 3156 puto,
1170 3091 1232 3155 pro
1255 3068 1365 3156 dupli·

202 3178 293 3239 care,
323 3167 360 3222 ut
389 3157 551 3224 Andocid.
580 3183 612 3246 p.
636 3160 696 3242 30,
721 3161 773 3224 27.
804 3158 834 3224 εί
860 3184 909 3236 τις
938 3155 997 3225 τόν
1027 3156 1134 3245 φόρον
1163 3154 1364 3240 διπλάσειεν,

201 3243 258 3308 ubi
287 3268 373 3310 nunc
404 3245 647 3313 διπλασιάσειεν
675 3247 816 3335 positum
845 3256 896 3312 est
924 3269 941 3311 e
971 3247 1096 3312 Reiskii
1123 3245 1301 3328 sententia,
1331 3255 1364 3311 et

202 3331 476 3408 επαναδιπλάζειν
499 3335 587 3421 apud
611 3336 823 3422 Aeschylum.
870 3333 938 3402 Sed
960 3336 1024 3400 hoc
1046 3335 1122 3401 loco
1144 3334 1293 3400 neutrale
1316 3335 1365 3400 vi-

98 3480 101 3481 .
145 3434 189 3480 196
201 3419 296 3486 detur
318 3430 354 3486 ut
376 3423 485 3508 ipsum
507 3421 734 3504 διπλασιάζειν
757 3448 809 3511 ap.
833 3422 934 3492 Diod.
948 3423 1008 3490 IV.
1027 3425 1078 3489 84.
1103 3418 1228 3508 καρπός
1244 3424 1363 3488 διπλα·

202 3506 322 3588 σιάζινν
345 3513 411 3576 τῶν
434 3519 468 3576 ἐν
491 3505 608 3589 όίλλαις
628 3511 747 3598 χώραις
770 3516 954 3604 φυομένων,
976 3520 1014 3577 ut
1037 3534 1141 3578 οιιιιιιε
1163 3516 1365 3593 νοπηοιιιίιιιι-

200 3601 300 3663 ολνιντ
329 3599 433 3664 Pleut.
458 3601 580 3687 Amph.
598 3601 648 3666 .II.
674 3603 704 3685 2,
730 3603 802 3667 154.
834 3602 880 3686 (v.
899 3602 990 3687 634.)
1020 3600 1109 3686 quod
1136 3600 1177 3666 ab
1205 3601 1363 3666 inusitato

155 3749 157 3753 .
202 3689 452 3774 congeminasco
481 3689 695 3775 repetendum
723 3713 794 3756 esse
817 3688 1061 3756 Lindemannus
1090 3712 1206 3775 parum
1227 3711 1364 3776 persua-

201 3775 272 3858 det,
303 3798 402 3860 quum
429 3777 605 3845 Lucretius
627 3778 686 3845 IV.
712 3781 787 3844 452.
818 3782 979 3862 ηουιίιιοιιι
1007 3780 1069 3845 hoc
1096 3776 1194 3843 modo
1223 3801 1364 3864 usurpa·

199 3866 282 3931 verit
318 3874 350 3930 et
377 3865 536 3954 Virgilius
571 3868 702 3955 saepius
737 3872 920 3952 ingeminat.
978 3867 1164 3934 Verborum
1198 3867 1365 3948 similium,

200 3971 263 4037 hoc
287 3980 336 4038 est
359 3995 482 4057 eorum,
505 3996 588 4058 quae
611 3974 652 4040 ab
676 3972 845 4061 adjectivis
869 3974 967 4039 ducta
983 3974 1198 4039 terminantur
1212 3973 1246 4038 in
1263 3974 1364 4057 αζειν,

199 4060 270 4126 aliis
300 4062 469 4127 transitiva
497 4062 653 4128 attributa
682 4071 731 4129 est
755 4063 965 4150 significatio,
989 4060 1195 4145 αἰθριάζειν,
1218 4059 1363 4144 πλαγιά-

201 4149 276 4232 ζειν,
299 4150 518 4233 πλουσιάζειν,
542 4151 612 4216 aliis
636 4173 675 4217 ac
698 4152 847 4237 pluribus
871 4150 1003 4236 quidem
1025 4150 1239 4231 intransitIva,
1263 4148 1364 4217 ἀλλο-

199 4237 351 4322 τριάζειν,
375 4234 564 4321 γελοιάζειν,
588 4239 739 4322 ὲνεάζειν,
762 4238 944 4326 ἐρημάζειν,
968 4236 1219 4326 ἐλευθεριάζειν,
1233 4236 1364 4325 ἠρεμά-

200 4325 280 4408 ζειν,
303 4322 453 4409 ίδιάζειν,
483 4325 696 4413 ματαιάζειν,
719 4327 910 4412 όρθιάζειν,
932 4328 1133 4410 πλησιάζειν,
1158 4324 1363 4411 σκυθρωπά-

200 4409 274 4496 ζειν,
298 4412 495 4497 στυχνάζειν.
541 4413 607 4482 Sed
629 4426 667 4482 ut
688 4416 780 4483 verbi
802 4413 993 4499 πλησιάζειν
1015 4438 1197 4506 synonyma
1224 4415 1365 4501 ὲχχίζειν
