2858 4964
199 329 233 384 82
639 322 914 378 COMMENTARIUS

198 484 296 552 habet
325 489 447 549 ἐστακα
477 481 519 548 ad
542 487 678 564 ἐστηκα,
701 475 845 571 περάσαι
868 479 909 545 ad
931 481 1084 569 περᾶσαι.
1130 475 1207 562 Sed,
1232 478 1358 565 opinor,

199 575 383 640 desinamus
397 572 436 657 ¹).
616 580 619 589 '
941 596 943 600 ’

284 661 326 728 V.
351 663 405 728 42.
467 663 507 725 Τί
534 662 691 744 ποίμναις
719 657 762 742 τη’

197 751 294 816 modo
310 747 486 836 Euripides
509 748 644 814 verbum
667 749 811 814 neutrale
837 772 911 814 cum
933 746 1055 833 duplici
1071 767 1150 812 casu
1165 746 1357 827 construxit,

144 894 150 921 ,
196 862 261 905 uno
298 861 473 925 personae,
513 837 615 902 altero
649 837 714 920 rei,
749 822 949 923 γονοπετεῖς’
971 841 1067 921 ἐδρας
1103 858 1138 900 σε
1173 837 1356 919 προςπιτνῶ

197 928 343 993 Phoenn.
361 928 435 992 300.
458 925 494 991 id
509 934 558 992 est
573 929 739 1010 γονυπετῶ
755 951 802 1010 σε,
825 949 931 1011 neque
947 924 1051 1007 aliter,
1075 932 1164 1009 puto,
1187 924 1221 987 in
1237 922 1355 987 Trach.

198 1017 272 1081 339.
297 1019 356 1081 τοῦ
378 1040 419 1099 με
441 1012 538 1094 τήνδ’
560 1020 738 1104 ἐψίστασαι
760 1013 873 1100 βάσιν,
898 1018 975 1099 quid
998 1016 1055 1079 τῶι·
1071 1035 1117 1078 me
1133 1016 1279 1078 accessio
1297 1022 1354 1089 est,

198 1106 265 1169 sive
300 1109 331 1169 τί
366 1128 404 1185 με
433 1105 596 1186 ἐπῆλθες,
628 1106 720 1190 cujus
750 1105 841 1170 verbi
870 1104 1146 1171 constructionem
1177 1105 1356 1191 ἐφέστασαν

197 1192 279 1258 illud
307 1193 399 1276 sequi
428 1191 565 1257 videtur.
618 1192 670 1257 De
694 1192 757 1258 hoc
779 1202 891 1259 nostro
914 1195 987 1260 loco
1011 1215 1085 1258 vere
1108 1190 1263 1256 admonet
1286 1190 1354 1254 Tri-

199 1281 313 1346 clinius
342 1285 373 1346 οὶ
397 1284 544 1364 λέγοντες
567 1276 604 1345 td
629 1285 838 1365 ἐπεμπίπτειν
861 1281 935 1348 ἀντὶ
959 1285 1018 1348 τοῦ
1042 1277 1231 1364 ἐπιβάλλειν
1254 1277 1353 1357 τάλη-

156 1388 184 1432 99
200 1374 259 1448 δές
287 1371 480 1452 ἀγνοοῦσιν·
510 1367 588 1434 αλλ’
616 1366 719 1457 ῶςπερ
779 1375 860 1455 αμέν
889 1374 1021 1454 πολεμῶ
1052 1393 1106 1436 σοι
1132 1366 1279 1452 πόλεμον
1303 1372 1353 1431 καὶ

199 1450 305 1538 ἦλθεν
334 1461 511 1538 καλλίστην
540 1462 686 1544 πορείαν.
766 1458 806 1525 ed
836 1460 863 1525 si
885 1460 1012 1546 putavit
1033 1456 1179 1542 πόλεμον
1202 1460 1353 1541 πολεμεῖν

198 1547 262 1612 dici
288 1569 384 1634 posse
413 1555 450 1612 ut
476 1543 612 1630 πομπήν
640 1551 777 1632 πέμπειν
807 1558 839 1613 et
869 1549 1003 1632 similia,
1031 1554 1244 1634 pervagatum
1269 1568 1353 1610 erro·

196 1661 264 1702 rem
287 1643 444 1720 sequutus
468 1643 529 1719 est,
553 1634 593 1700 de
617 1658 682 1721 quo
706 1636 773 1701 dixi
795 1638 828 1702 in
852 1638 992 1704 Dissert.
1016 1636 1056 1702 de
1078 1636 1203 1724 Figura
1232 1642 1353 1722 etymo·

195 1727 312 1791 loica.

228 1749 251 1814 g
284 1813 326 1879 V.
347 1815 400 1878 44.
441 1804 493 1877 Ἦ
519 1815 573 1877 καὶ
602 1807 639 1878 td
661 1810 820 1899 βούλευμ’
856 1857 893 1866 -
917 1815 977 1880 La.
1001 1815 1062 1880 Lb.
1085 1811 1242 1898 βούλημ’,
1268 1810 1353 1897 quod

151 1984 154 1990 .
196 1901 304 1968 Schol.
330 1903 499 1987 Aristoph.
516 1901 602 1968 Plut.
621 1904 696 1968 490.
719 1903 753 1967 in
776 1904 917 1989 antiquis
942 1902 1178 1989 exemplaribus
1201 1901 1268 1988 legi
1290 1909 1353 1964 tra-

175 1989 259 2072 dit,
295 1990 474 2076 probatque
503 1990 724 2078 Musgravius.
784 1991 912 2058 Notum
941 2001 991 2058 est
1019 2003 1052 2057 et
1080 1991 1212 2057 nomina
1238 1989 1295 2054 illa
1322 1997 1353 2053 et

195 2079 293 2144 verba
323 2076 527 2160 βούλεσθαι,
555 2077 795 2163 βουλεύεσθαι,
818 2105 837 2146 a
858 2081 999 2148 librariis
1023 2104 1118 2167 saepe
1143 2078 1299 2146 confundi
1323 2104 1351 2143 v.

195 2166 392 2253 Wesseling.
421 2165 462 2230 ad
484 2165 630 2232 Herod0.
654 2168 680 2232 I.
707 2172 758 2235 66.
791 2170 937 2257 Interpp.
969 2170 1011 2236 ed
1038 2171 1141 2236 Arist.
1164 2168 1253 2233 Plut.
1278 2168 1352 2232 493.

195 2253 384 2320 Stallhaum.
414 2253 456 2318 ad
485 2253 610 2321 Phileb.
634 2280 666 2342 p.
687 2260 759 2323 103.
790 2257 896 2326 Sturz.
928 2258 970 2324 ad
999 2259 1097 2326 Dion.
1121 2256 1293 2322 XXXVI.
1325 2278 1351 2322 c.

196 2344 248 2408 30.
294 2341 360 2410 Sed
382 2343 445 2407 hoo
467 2343 541 2408 loco
565 2346 655 2431 optio
679 2346 793 2413 facilis.
839 2349 900 2414 Eo.
926 2348 981 2413 Pu.
1033 2347 1100 2413 Pro
1123 2338 1143 2427 ἦ
1168 2349 1222 2412 καὶ
1246 2345 1352 2431 aptius

189 2431 324 2497 ‘videtur
347 2422 368 2512 ἦ
391 2427 454 2518 γάρ
478 2471 519 2480 -
543 2456 668 2516 erpone.

283 2521 324 2586 V.
347 2522 399 2585 45.
454 2514 529 2586 Κάν
558 2521 730 2609 ἐξέπραξεν
762 2562 800 2571 -
831 2523 942 2592 Schol.
973 2524 1067 2591 Rom.
1102 2534 1133 2588 et
1161 2523 1220 2588 La.
1254 2547 1274 2588 a
1304 2545 1352 2588 se·

195 2609 300 2675 cunda
328 2633 426 2675 manu
454 2607 649 2694 ἐξεπράξατ’
675 2637 725 2696 γρ.
755 2611 938 2696 ἐξέπραξεν.
991 2615 1031 2679 In
1057 2613 1191 2700 vulgata
1212 2613 1352 2677 lectione

194 2699 400 2765 consentiunt
430 2697 573 2763 Thomas
603 2700 651 2764 Μ.
676 2723 701 2765 ε.
749 2693 808 2779 Εὖ,
832 2701 983 2769 Eustath.
1007 2727 1040 2788 p.
1060 2702 1156 2784 1564,
1181 2703 1234 2766 20.
1265 2700 1352 2765 eodi-

194 2810 312 2872 oesque
336 2810 457 2854 omnes.
473 2788 595 2852 Aesch.
612 2788 703 2856 Pers.
721 2791 795 2855 720.
820 2794 874 2856 καὶ
899 2789 959 2856 τόδ
967 2789 973 2810 ’
994 2789 1156 2875 ἐξέπραξε.
1181 2789 1347 2855 Plutarch.

191 2877 234 2943 V.
258 2879 359 2965 Ages.
384 2875 551 2941 XXVIII.
576 2874 729 2963 ἐξέπραξε
752 2875 811 2943 τὸν
835 2876 987 2964 πόλεμον.
1034 2877 1255 2962 Subsequenti
1278 2902 1348 2944 ver-

178 2987 232 3030 su
252 2987 332 3030 usus
356 2974 405 3030 est
427 2962 536 3030 Schol.
560 2964 655 3030 Pind.
680 2963 733 3032 Ol.
757 2966 783 3034 Ι.
809 2967 862 3035 52.
1241 2988 1249 3007 “

279 3053 321 3117 V.
339 3056 392 3118 47.
416 3055 469 3119 48.
517 3051 721 3140 Νύκτωρ-
746 3052 895 3146 άψίκετο.
941 3056 1014 3122 Ηοε
1036 3078 1149 3122 versus
1166 3053 1259 3122 affert
1273 3055 1349 3120 Mo-

192 3140 368 3226 schopulus
391 3139 510 3212 Sched.
534 3166 566 3228 p.
584 3144 636 3207 32.
768 3192 771 3193 ⁷
1136 3159 1141 3166 ’

280 3227 322 3296 V.
340 3231 392 3294 50.
439 3231 520 3306 Πῶς
543 3236 654 3316 ἐπέσχε
675 3241 769 3318 χεῖρα
792 3235 971 3320 μαιμῶσαν
995 3228 1103 3320 φόνου
1126 3271 1167 3280 -
1191 3231 1287 3296 Haec
1305 3232 1351 3296 sic

192 3316 314 3401 scripta
341 3324 494 3402 repetunt
516 3315 634 3384 Suidas
665 3342 690 3385 s.
717 3324 889 3404 Μαιμῶσα
912 3331 946 3388 et
967 3321 1117 3386 Eustath.
1140 3344 1172 3406 p.
1195 3323 1269 3386 921.
1299 3323 1350 3388 18.

192 3400 259 3468 Sed
282 3402 497 3471 Scholiastes:
526 3405 692 3499 γράφεται
720 3411 775 3474 καὶ
800 3410 968 3493 διψῶσαν,
991 3410 1081 3494 quod
1103 3409 1223 3496 legitur
1244 3410 1279 3473 in
1302 3410 1352 3496 ig-

191 3492 259 3556 noti
293 3503 405 3578 poetae
440 3515 536 3560 versu
563 3496 685 3562 Athen.
715 3497 762 3564 X.
787 3498 862 3562 433.
897 3499 937 3564 F.
972 3497 1073 3584 ἰ’σγειν
1107 3494 1223 3563 κελεύω
1255 3509 1352 3583 χεῖρα

192 3581 344 3666 διψῶσαν
368 3579 485 3674 ψύνοο,
508 3591 545 3648 ut
567 3589 723 3672 κορέσσαι
742 3584 837 3671 χεῖρα
861 3588 1014 3673 διψῶσαν
1038 3583 1145 3675 φόνου
1171 3584 1261 3672 apud
1284 3585 1353 3673 Ly-

191 3670 404 3754 cophmnem,
434 3672 626 3738 acerrimum
648 3673 864 3760 Tragicorum
891 3676 1085 3741 imitatorem
1108 3699 1138 3739 v.
1165 3678 1260 3739 1171.
1287 3673 1352 3765 ψό-

191 3780 249 3822 νον
279 3761 385 3845 διψῶν
413 3758 612 3826 Christodor.
637 3761 758 3848 Ecphr.
787 3787 818 3830 v.
841 3765 916 3829 227.
945 3788 1005 3850 pro
1034 3786 1105 3848 quo
1128 3763 1354 3828 accusativum

191 3843 298 3930 φόνον
322 3850 427 3933 διψῶν
450 3849 617 3915 substituit
639 3849 811 3937 Philippus
834 3852 935 3919 Anth.
951 3853 1045 3920 Plan.
1062 3852 1107 3927 N.
1127 3853 1199 3917 136.
1224 3875 1257 3938 p.
1276 3855 1353 3920 667.

99 3981 102 3987 .
189 3938 321 4019 μαιμᾷν
351 3934 485 4016 ἐδητύος
515 3939 672 4024 Apollon.
701 3940 784 4028 Arg.
814 3939 858 4004 ΙΙ.
890 3943 964 4007 269.
1017 3939 1191 4027 Sophoclis
1219 3964 1354 4008 versum

190 4022 230 4088 ab
253 4024 425 4092 Athenaeo
454 4026 525 4112 ipso
555 4028 729 4094 memoriae
758 4028 837 4095 vitio
865 4030 908 4096 ad
929 4030 1028 4097 istum
1050 4029 1183 4096 modum
1205 4029 1357 4118 interpo-

766 659 816 724 ιδ’
844 661 1034 744 ἐπεμπίπτει
1061 653 1172 742 βάσιν.
1232 648 1357 720 Eodem

188 4176 389 4188 ———...

264 4257 285 4320 ¹)
306 4261 431 4312 Consulto
451 4263 525 4312 omisi
543 4260 649 4330 τέθαφι
667 4265 834 4330 obstupefecit,
856 4282 906 4330 quo
925 4273 1028 4330 poetam
1048 4267 1174 4317 comicum
1195 4283 1274 4318 usum
1294 4284 1352 4319 esse

188 4328 356 4382 Buttmannus
380 4335 407 4381 in
428 4333 484 4382 Ind.
503 4334 623 4385 Anomm.
648 4337 767 4398 eredidit,
791 4335 884 4404 ἔπειγε
901 4338 951 4402 sac
975 4337 1097 4400 celeriter,
1121 4346 1146 4387 et
1169 4330 1351 4390 ἄνακάλντττε

189 4397 272 4464 deteye
290 4404 343 4452 scil.
363 4405 432 4466 quod
450 4411 545 4454 tectum
564 4415 610 4456 est.
648 4442 649 4445 ,
