2858 4964
197 304 231 358 64
637 301 912 359 COMMENTARIUS
951 351 953 354 ,

283 458 326 527 V.
352 460 401 525 14.
439 460 490 525 15.
538 450 581 524 Ὦ
615 457 744 549 φθέγμ’
770 457 920 538 §idduae
954 503 996 512 —
1031 454 1094 529 κᾶν
1128 458 1278 542 ἄποπτος
1310 456 1354 558 ᾖς,

196 546 285 634 ὅμως
308 547 440 635 ‹puvqp'
466 545 583 615 ἀκούω.
629 547 751 616 Prioris
774 571 887 616 versus
911 551 1107 617 mentionem
1136 552 1235 619 habet
1250 553 1355 620 Liba·

195 638 267 704 nius
290 636 403 705 Presb.
428 636 471 703 ad
485 636 608 703 Julian.
632 660 664 724 p.
682 640 757 704 460.
782 639 821 704 Τ.
837 638 865 704 Ι.
889 635 927 705 τό
952 640 1171 730 Σοφοκλέους
1193 645 1307 726 λέγειν,
1330 634 1354 707 ὦ

194 722 505 816 φθέγμ’Ἀᾶήνης·
530 726 632 792 altero
655 735 791 792 utuntur
814 725 932 794 Suidas
956 751 981 794 s.
1005 727 1167 807 Ἅποπτος
1190 738 1222 796 et
1236 731 1358 809 sueta,

191 815 281 882 thius
307 839 340 901 p.
359 817 434 898 198,
458 817 510 881 28.
534 838 566 901 p.
584 819 658 895 611,
686 818 735 882 14.
788 813 989 884 Scholiastes
1013 840 1181 886 romanus:
1213 824 1354 908 φθέγμα

194 902 416 988 alasaciensi
440 902 653 990 θεασάμενος
676 901 796 984 αὐτήν·
822 907 923 985 δῆλον
945 901 1010 991 γάρ
1034 912 1068 970 ἐκ
1092 910 1151 973 τοῦ
1165 902 1229 972 κάν
1245 903 1353 974 ἄποπ-

152 1013 250 1070 ουτος
279 982 331 1084 ᾖς,
360 997 527 1059 τουτέστιν
556 990 710 1080 ἀόρατος.
762 993 852 1058 Huic
881 995 1060 1061 assentiens
1082 995 1269 1063 Brunckius
1296 1000 1353 1062 lli-

194 1103 328 1165 nervae,
355 1082 477 1166 inquit,
506 1105 522 1146 e
550 1086 697 1148 marbino
725 1085 882 1166 loquentis
912 1093 942 1148 et
968 1087 1204 1167 spectatoribus
1229 1091 1353 1170 conspi-

195 1193 272 1237 cuae
305 1193 411 1236 uocem
444 1173 595 1237 audiebat
628 1173 774 1257 Ulpssee,
811 1183 846 1237 ot
879 1176 949 1255 lpse
978 1195 1047 1239 eam
1077 1177 1264 1240 censebatur
1292 1198 1353 1242 non

195 1263 302 1326 cidere
315 1265 415 1342 juata
437 1269 573 1326 ceterum
597 1265 785 1344 opinionem,
809 1263 885 1327 deos
908 1265 1031 1344 quidem
1053 1284 1150 1346 saepe
1174 1286 1242 1329 cum
1257 1267 1354 1330 bomi-

194 1352 287 1414 nibus
311 1352 449 1432 colloqui
471 1352 529 1415 sed
550 1372 628 1416 raro
651 1373 687 1415 se
709 1354 752 1415 iis
774 1353 809 1415 ic
832 1361 1031 1433 conspectam
1053 1355 1142 1417 dare.
1186 1349 1353 1434 Quorsum

194 1439 275 1504 haec
298 1437 481 1504 simulatio?
510 1447 542 1504 et
565 1439 607 1504 ad
629 1438 718 1523 quod
741 1439 949 1526 exemplum?
979 1439 1112 1507 Scilicet
1141 1439 1352 1525 Philoctetes,

195 1528 315 1612 Thoas,
338 1527 611 1614 Theoclymenus,
634 1529 705 1611 Ion,
728 1528 859 1611 Peleus,
881 1528 1093 1616 Hippolytus,
1110 1527 1246 1596 Orestes
1264 1530 1352 1613 deos,

194 1617 388 1703 quibuscum
422 1618 456 1682 in
490 1640 589 1684 scena
624 1618 868 1702 colloquuntur,
901 1640 967 1683 non
1005 1618 1114 1684 videre
1149 1619 1353 1684 existimandi

193 1708 282 1773 suntl
319 1704 386 1774 Sed
418 1714 456 1771 ut
489 1715 636 1773 sumatur
668 1707 748 1789 hoc,
784 1709 879 1793 cujus
908 1729 1013 1791 neque
1042 1707 1124 1772 ratio
1152 1706 1220 1772 ulla
1248 1730 1352 1792 neque

193 1797 376 1882 exemplum
392 1804 538 1882 apparet,
562 1818 626 1881 quo
639 1804 738 1881 pacto
755 1795 992 1881 spectatoribus
1009 1793 1198 1882 persuaderi
1214 1804 1352 1882 poterat,

192 1894 230 1952 ut
257 1885 366 1968 deam,
394 1908 491 1970 quam
515 1894 548 1950 et
569 1885 632 1971 ipsi
656 1885 742 1950 clare
764 1883 876 1950 vident
898 1892 931 1950 et
952 1884 1041 1971 Ajax
1064 1885 1169 1971 primo
1193 1884 1352 1971 adspectu

194 1975 354 2061 agnoscit,
377 1975 473 2040 unius
488 1973 596 2040 Ulixis
618 1973 766 2039 obtutum
788 1974 902 2060 fugere
926 1971 1116 2038 crederent?
1138 1972 1284 2060 Decepit
1306 1975 1352 2038 in-

193 2071 354 2148 terpretes
384 2061 584 2128 consuetudo
607 2063 739 2144 novitia,
763 2084 860 2146 quam
883 2061 1013 2147 sequuti
1035 2060 1153 2129 Suidas
1177 2071 1210 2126 et
1234 2061 1352 2127 Gram-

194 2153 331 2217 maticus
354 2150 528 2217 Ammonio
557 2151 730 2238 adjunctus
759 2173 792 2236 p.
814 2149 942 2215 XLVI.
966 2146 1117 2230 ἄποπτον
1138 2150 1351 2235 interpretan-

194 2249 248 2306 tur
270 2236 307 2306 τό
332 2238 492 2305 ἀθέατον.
539 2237 595 2305 Sic
619 2249 652 2305 et
675 2237 816 2326 Cyrillus
839 2239 935 2303 Alex.
958 2239 992 2302 in
1015 2237 1122 2304 Exod.
1145 2237 1187 2302 L.
1210 2238 1254 2303 Il.
1279 2240 1351 2305 226.

195 2324 343 2406 ἄποπτος
371 2330 538 2405 παντελῶς
567 2331 622 2393 καὶ
653 2334 798 2395 ἐπέκεινα
827 2330 888 2393 τοῦ
916 2323 1059 2405 παντός,
1089 2326 1206 2411 aliique
1235 2349 1353 2412 aequa·

194 2417 274 2490 lium
303 2417 431 2502 loquuti
460 2425 552 2499 sunt,
582 2439 663 2500 quos
685 2416 808 2482 Hosius
831 2415 987 2502 produxit
1009 2415 1052 2480 ad
1073 2415 1176 2481 Leon.
1200 2415 1296 2481 Diae.
1319 2438 1351 2502 p.

195 2507 259 2573 437
263 2559 271 2574 .
327 2503 394 2573 Sed
427 2513 552 2572 veteres
580 2505 643 2571 hoe
671 2501 796 2572 ἄοπτον
826 2505 893 2571 sive
922 2500 1070 2570 ἄνοπτον
1099 2503 1206 2570 dicere
1236 2504 1352 2585 solent,

194 2590 346 2661 ἄποπτον
367 2618 444 2662 vero
468 2593 519 2678 id,
543 2593 633 2679 quod
656 2617 672 2660 e
695 2594 872 2682 longinquo
897 2592 1097 2679 conspicitur
1118 2593 1171 2658 vel
1195 2593 1301 2676 clare,
1324 2592 1352 2657 si

193 2685 227 2750 in
256 2683 385 2751 excelso
413 2692 477 2763 est,
505 2683 557 2749 vel
581 2683 729 2768 obscure,
753 2683 781 2749 si
802 2683 901 2771 longo
923 2681 1093 2748 intervallo
1118 2681 1235 2761 distat;
1266 2679 1353 2758 ὅπως

193 2769 342 2849 ἄποπτος
369 2779 461 2840 ἔσται
488 2770 509 2853 ἡ
535 2773 706 2859 Κορινθία
729 2778 764 2837 ἐκ
786 2773 846 2837 τοῦ
865 2766 1028 2858 χώματος,
1050 2780 1086 2835 at
1107 2773 1254 2853 prospici
1275 2790 1352 2853 pos-

193 2867 238 2928 sib
265 2862 405 2929 Aristot.
434 2861 518 2948 Rep.
545 2860 589 2926 H.
621 2863 678 2944 12,
709 2861 783 2926 253.
812 2860 855 2924 D.
889 2858 924 2923 id
961 2857 1050 2944 quod
1078 2859 1155 2924 alibi
1183 2855 1353 2948 εάἀφορον

193 2951 326 3033 dicitur3
357 2946 555 3039 καταφανὴς
576 2952 632 3016 καὶ
656 2945 804 3026 ἄποπτος
826 2948 992 3013 Plutarch.
1016 2946 1059 3013 V.
1082 2947 1211 3013 Lucull.
1237 2971 1266 3015 c.
1288 2945 1352 3013 IX.

194 3035 282 3115 ὅπως
318 3035 470 3105 ἄποπτον
506 3038 554 3118 sin
584 3032 651 3103 ἀπὸ
679 3041 740 3104 τοῦ
768 3038 993 3123 στρατοπέδου
1021 3035 1152 3104 Arrian.
1181 3036 1277 3101 Alex.
1308 3034 1352 3101 Π.

131 3154 137 3165 “
196 3128 248 3209 12,
272 3130 301 3192 6.
332 3128 517 3212 pariterque
543 3127 610 3192 Dio
635 3124 728 3192 Cass.
751 3125 791 3190 L.
817 3127 869 3191 50.
894 3148 923 3192 c.
950 3126 1000 3190 12.
1025 3122 1140 3191 Galen.
1166 3123 1207 3190 de
1229 3122 1351 3191 Semin.

192 3213 236 3279 Π.
261 3217 292 3298 5,
316 3216 389 3280 221.
420 3216 459 3279 Τ.
483 3214 544 3280 ΙΠ.
575 3214 616 3280 de
637 3214 738 3283 Adm.
761 3215 861 3280 Anat.
880 3213 939 3279 VI.
966 3215 1094 3297 1,·128.
1118 3214 1157 3278 Τ.
1180 3212 1242 3280 IV.
1267 3213 1353 3278 The-

192 3302 278 3370 mist.
303 3301 361 3370 Or.
385 3302 431 3367 X.
458 3305 530 3368 137.
553 3303 594 3368 Β.
618 3304 772 3390 Polyaen.
789 3302 850 3369 III.
878 3305 928 3368 12.
952 3301 1073 3368 Zosim.
1089 3301 1117 3369 I.
1141 3305 1193 3368 66.
1217 3301 1350 3368 Heliod.

144 3464 148 3478 Χ
192 3389 256 3457 ΙΧ.
282 3393 313 3474 8,
336 3392 411 3456 361.
462 3391 527 3457 His
557 3393 753 3458 conveniunt
781 3389 882 3469 τόπος
912 3388 946 3470 ἐξ
975 3389 1128 3456 ἀπόπτου
1155 3387 1353 3480 καταφανής

192 3478 359 3546 Plutarch.
374 3479 416 3546 V.
439 3479 537 3549 Eum.
558 3504 587 3547 c.
601 3481 682 3546 XV.
706 3480 740 3561 ἐξ
762 3478 914 3546 ἀπόπτου
936 3483 992 3545 καὶ
1015 3475 1215 3560 μεσουτᾶτης
1237 3502 1353 3564 περιω-

192 3572 256 3648 πῆς
284 3567 422 3655 Gregor.
445 3568 529 3638 Nau.
553 3568 611 3637 Or.
635 3568 731 3634 XIII.
755 3570 807 3635 94.
832 3567 870 3633 C.
900 3567 951 3632 ed.
974 3567 1049 3632 Bill.
1078 3567 1252 3652 multisque
1281 3567 1352 3632 aliis

192 3657 272 3723 locis
301 3655 345 3724 So
370 3657 401 3722 h.
432 3656 518 3723 Phil.
541 3660 617 3724 467.
671 3657 766 3723 Philo
795 3657 836 3722 de
866 3657 992 3723 Temul.
1021 3680 1054 3742 p.
1079 3657 1153 3722 260.
1182 3657 1224 3720 A.
1255 3655 1351 3720 Phot.

191 3744 330 3812 Biblc
361 3745 485 3812 LVIII.
509 3749 584 3812 778.
611 3746 689 3812 item
718 3753 752 3812 ἐν
780 3742 933 3828 ἀπόπτῳ,
962 3749 996 3809 iu
1020 3754 1190 3828 conspectu
1212 3745 1352 3832 Dionys.

191 3835 285 3900 Antt.
301 3835 344 3901 II.
363 3835 414 3900 54.
439 3834 526 3919 quod
547 3836 707 3921 interpres
730 3834 813 3901 male
837 3832 945 3901 reddit
968 3837 1001 3898 tn
1026 3837 1148 3900 occulto
1161 3834 1190 3919 ¹)
1213 3831 1351 3919 doseph.

151 3923 275 3992 taBell.
306 3923 385 3991 Jud.
410 3921 452 3988 V.
470 3927 501 4008 9,
527 3928 555 3988 1.
586 3921 701 3991 Sues.
732 3920 773 3989 de
802 3922 908 4010 Regn.
937 3946 968 4010 p.
996 3925 1046 3988 12.
1074 3922 1117 3988 D.
1148 3921 1189 3988 de
1217 3920 1352 3989 Provid.

191 4037 225 4100 p.
248 4016 300 4080 94.
325 4010 363 4079 C.
394 4016 428 4078 bv
451 4009 579 4100 obnupta
601 3948 710 4080 garab.
726 4012 785 4079 VI.
811 4014 884 4078 256.
909 4019 942 4078 et
960 4011 1041 4107 alibi
1063 4036 1095 4078 v.
1117 4009 1351 4098 Wyttenbach.

192 4167 393 4176 ---.-

268 4246 293 4312 1)
312 4250 353 4314 De
379 4250 429 4301 hoc
447 4249 542 4300 Hosius
565 4250 639 4300 aliter
661 4250 738 4300 sentit
756 4263 839 4313 neque
862 4263 983 4332 nequem
1006 4249 1096 4299 sutem
1114 4248 1210 4329 ambigi
1227 4262 1315 4314 posse,
1331 4246 1353 4298 si

191 4321 269 4370 modo
287 4322 439 4386 significato
457 4321 547 4371 occulti
564 4321 666 4372 aliunde
685 4326 825 4384 constaret3
844 4316 875 4380 ἐξ
891 4335 1024 4372 οποπτου
1043 4320 1088 4372 VI.
1110 4319 1152 4371 14.
1176 4321 1232 4371 aine
1251 4327 1351 4372 contro·

192 4393 275 4441 versia
293 4393 419 4457 significat
436 4409 466 4443 en
487 4392 559 4443 edito.
