2858 4964
446 332 493 385 AD
512 332 609 386 SOPH.
630 333 674 386 Ar.
712 333 744 386 V.
759 334 802 386 40.
1168 336 1202 390 75

43 513 73 554 v.
99 491 153 556 60.
182 487 289 571 oleoso
320 497 353 553 et
376 485 523 570 oiclprlvo3
551 510 634 572 quae
659 510 734 553 cum
755 488 857 555 latino
880 492 1075 556 condensore
1097 490 1132 557 id
1155 501 1246 558 estro

43 581 232 657 densescere
261 575 349 663 apud
379 574 593 649 Columellam
625 579 806 662 comparari
833 586 988 663 possunt,
1023 587 1093 644 tum
1121 582 1204 662 βλα-

44 663 155 731 στάνω
171 667 204 750 ¹)
240 672 273 730 et
306 665 463 730 nonnulla
495 674 642 751 tempora
674 666 766 730 verbi
799 673 908 754 τρέφω
921 668 967 751 ²),
1010 667 1128 751 quibus
1163 668 1204 733 ad

44 754 198 820 amussim
227 753 426 839 respondent
446 754 548 819 latina
571 775 687 836 erupere
714 763 747 819 et
768 759 931 837 praedira,
960 765 1125 840 postremo
1152 756 1204 822 his

21 851 222 930 mgnum
251 842 363 930 prlffl)
394 851 427 908 et
456 843 609 927 opposita
636 847 751 927 φθάνω
782 852 878 928 atque
905 841 1039 923 μινύθω
1060 869 1090 909 v.
1114 845 1205 910 Mer·

44 933 104 997 rik.
135 931 177 997 ad
200 931 324 1017 Tryph.
348 956 379 996 v.
404 933 454 996 10.
477 930 652 996 Blomfield
676 929 716 997 ad
739 931 831 997 Pers.
854 946 885 1000 v.
902 933 976 997 915.
1001 932 1082 997 haee
1105 934 1205 1020 igitur

44 1044 117 1087 meo
134 1019 264 1104 quidem
276 1019 400 1106 judicio
416 1025 531 1085 natura
552 1020 722 1086 transitiva
743 1029 828 1103 sunt,
851 1021 1076 1086 retransitione
1097 1030 1205 1087 autem

45 1109 241 1175 neutralium
265 1109 406 1193 speciem
430 1108 492 1174 sibi
515 1108 668 1188 induunt3
692 1107 790 1193 idque
813 1108 853 1174 de
874 1133 938 1174 uno
953 1109 1094 1191 illorum,
1118 1110 1206 1195 quod

44 1205 194 1284 propter.
210 1197 456 1284 significationis
484 1190 726 1263 similitudinem
757 1198 928 1282 primitivis
958 1198 1107 1284 adjunxi,
1141 1199 1205 1264 hoc

44 1285 198 1352 fidentius
229 1286 370 1369 affirmo,
400 1286 475 1370 quia
498 1287 597 1372 etymi
620 1287 702 1352 ratio
726 1288 893 1373 congruit3
923 1311 998 1351 nam
1019 1296 1058 1352 ut
1080 1311 1099 1352 a
1120 1284 1206 1370 βάω,

44 1372 214 1458 βαστάζω,
238 1397 257 1439 a
279 1375 346 1458 ῥάω
370 1372 530 1456 ῥυστάζο,
554 1385 587 1440 et
610 1399 629 1439 a
652 1375 809 1440 similibus
825 1376 994 1461 principiis
1011 1373 1204 1458 ἑλκυστάζυ,

45 1459 246 1547 ἑρπυστάζω,
276 1461 434 1546 άερτάζω,
463 1460 637 1547 νευστάζω,
666 1461 848 1546 κλαστάζιο,
872 1461 1030 1545 ὀνοτάζω,
1052 1463 1164 1529 itidem
1187 1488 1207 1528 a

45 1550 151 1635 βλάω,
174 1551 261 1616 unde
284 1553 384 1632 ἔβλην
407 1560 439 1616 et
460 1553 619 1636 βέβληκα,
643 1574 702 1637 per
724 1551 892 1617 traducem
914 1551 1053 1617 nominis
1074 1553 1207 1637 partiei-

46 1641 142 1727 pialis
171 1637 318 1722 βλαστός
346 1649 564 1726 propagatum
593 1649 644 1705 est
671 1638 848 1721 βλαστάνον
872 1663 948 1705 oum
970 1640 1206 1725 significatione

46 1728 246 1794 exuberandi
274 1737 307 1793 et
335 1729 422 1794 foras
444 1727 616 1811 trudendi,
644 1737 682 1793 ut
704 1727 862 1816 Virgilius
884 1729 1042 1813 loquitur:
1069 1751 1207 1811 pemmae

46 1840 81 1883 se
105 1821 248 1896 trudunt,
269 1823 438 1900 pampinus
460 1840 597 1900 pommus
622 1821 732 1895 trudit,
755 1817 929 1882 Lueretius
949 1821 1109 1900 pullorum
1130 1839 1207 1882 exa·
1223 1865 1227 1875 ,ι

46 1911 132 1972 minu
160 1907 216 1990 (ab
240 1929 278 1971 eo
302 1906 391 1992 quod
414 1916 464 1971 est
487 1906 631 1992 exigere)
656 1930 715 1992 pro
738 1907 895 1992 germina,
917 1907 1063 1972 similiter
1086 1904 1207 1972 Graeci

48 1992 219 2079 ἐκβάλλειν
246 2018 307 2080 pro
331 1994 489 2074 ἐξανθεῖν
511 1995 638 2060 Aneod.
662 2018 695 2080 p.
721 1996 774 2077 38,
800 1999 851 2060 17.
876 2004 909 2061 et
930 1995 1084 2061 Philostr.
1108 1994 1205 2060 Herr.
1219 2012 1247 2057 91

46 2108 78 2170 p.
104 2085 179 2150 663.
211 2080 426 2150 ὲκδεὸάκαοιν
457 2088 487 2148 οἱ
515 2081 645 2168 βότρυς.
697 2083 776 2148 Non
803 2085 908 2172 magis
936 2085 970 2149 in
993 2084 1208 2170 computatio·

46 2197 121 2239 nem
150 2172 286 2237 veniunt
307 2170 450 2258 κρύπτω,
479 2168 605 2249 κεύθω,
629 2170 732 2249 παύω,
757 2168 854 2257 λήγοι,
878 2175 944 2252 ἵζω,
969 2177 1098 2264 ελςφρῶ,
1123 2171 1207 2237 ἀντο-

48 2265 129 2339 σιτῶ,
155 2282 237 2345 quae
261 2261 330 2326 siue
354 2259 454 2325 (lubio
476 2261 645 2326 transitiva
668 2269 744 2327 sunt
767 2261 826 2326 sed
848 2284 922 2327 oum
944 2262 1044 2327 tacita
1066 2261 1109 2326 ad
1132 2261 1208 2327 sub·

43 2353 169 2437 jectum
202 2349 358 2419 relatione
387 2349 551 2414 neutralia
574 2349 665 2415 fiunt.
723 2349 874 2415 Alterum
902 2373 1005 2437 genus
1035 2349 1208 2416 dubiorum

49 2439 195 2505 continet
225 2461 278 2520 ea,
302 2443 440 2522 quorum
470 2446 560 2503 certa
584 2445 733 2525 tempora
756 2462 774 2503 a
798 2440 1033 2527 significatione
1055 2462 1208 2525 praesen-

47 2529 87 2593 tis
117 2526 322 2612 discrepant,
351 2529 487 2608 ἕνασσα,
516 2528 657 2611 λχασσα,
684 2528 822 2593 utrarios
835 2530 879 2612 ⁴),
902 2531 1052 2614 λέλαχον,
1076 2522 1208 2610 ἤριπον,

49 2612 182 2702 ἤρικον,
215 2619 364 2680 λέλαθον
393 2623 425 2680 et
451 2614 593 2680 ionicum
625 2614 811 2697 άνέγνωσα,
841 2616 881 2681 de
910 2616 1027 2700 quibus
1058 2615 1208 2681 omnibus

49 2729 112 2770 una
136 2713 187 2769 est
210 2702 387 2787 eademque
412 2702 582 2786 dubitatio,
605 2703 815 2769 fortuitumne
839 2705 891 2786 sit,
915 2704 1003 2788 quod
1025 2705 1106 2769 haee
1128 2712 1209 2768 tem-

50 2817 130 2880 pora
167 2792 330 2858 diversam
363 2815 383 2856 a
422 2793 537 2857 ceteris
573 2800 767 2877 potestatem
801 2792 937 2874 habent,
974 2817 1016 2857 an
1050 2793 1208 2858 sermonis

50 2881 191 2968 quodam
215 2881 347 2948 arbitrio
370 2881 542 2963 sancitum,
564 2881 628 2963 vel,
652 2889 689 2946 ut
711 2881 867 2966 exemplis
884 2904 989 2968 agam,
1012 2889 1121 2946 utrum
1137 2904 1209 2946 ver·

123 3076 146 3139 ¹)
171 3081 278 3159 Igrrotus
303 3080 411 3143 scriptor
433 3080 459 3129 in
483 3080 568 3130 Schol.
595 3079 686 3143 Odyss.
711 3080 743 3129 Σ.
762 3080 822 3131 307.
846 3069 920 3141 ἥλιος
942 3069 987 3128 διὰ
1010 3078 1058 3163 pris
1081 3078 1153 3140 (fort.
1175 3071 1207 3128 δι’

48 3144 142 3220 αὐγῆς)
169 3158 264 3198 πάντα
287 3144 437 3215 βλαστάνει
460 3149 555 3217 φθίνει
577 3166 617 3202 τε.
637 3151 721 3201 schol.
741 3152 801 3202 Eur.
821 3153 884 3202 Hec.
904 3151 963 3202 448.
984 3145 1072 3219 δάφνη
1092 3143 1210 3216 ἀνεβλά-

47 3237 132 3286 στησε
151 3213 275 3271 κλάδους.
314 3222 373 3270 Alia
390 3223 422 3271 ad
441 3239 463 3270 v.
478 3222 538 3272 869.
558 3223 659 3273 addam.

123 3306 150 3370 ²)
172 3309 247 3370 Quod
273 3310 433 3358 Herodianus
458 3309 543 3359 Schol.
563 3310 628 3359 Ven.
649 3311 681 3358 Φ.
702 3308 761 3358 279.
781 3310 859 3359 tradit
876 3297 911 3357 τὰ
931 3299 1091 3376 ἐντργητικὰ
1110 3299 1211 3358 τούτου

42 3381 93 3431 τοῦ
120 3372 244 3447 ῥήματος
267 3372 331 3429 ἀντὶ
354 3379 408 3428 τοῦ
433 3377 591 3442 παθητικοῦ
614 3373 727 3438 τάσσει,
747 3381 857 3430 fortasse
876 3397 928 3430 non
947 3382 978 3429 do
998 3381 1054 3429 solo
1073 3381 1168 3430 aoristo
1187 3388 1212 3430 et

40 3453 164 3514 perfecto
183 3453 257 3501 velet.
276 3453 381 3501 Maxim.
402 3453 461 3515 Tyr.
475 3453 535 3501 XII.
548 3452 573 3509 4,
593 3452 652 3502 220.
672 3445 689 3514 ἦ
708 3442 780 3534 ψυχὴ
799 3441 871 3500 κατὰ
889 3441 924 3499 τὸ
942 3442 1053 3514 θνητὸν
1065 3453 1156 3519 τρέφοι
1167 3451 1213 3499 καὶ

40 3514 124 3581 αὔξει
146 3523 193 3570 καὶ
214 3523 284 3571 κινεῖ
309 3518 403 3583 (motus
429 3520 490 3582 edit)
510 3515 580 3571 κατὰ
601 3515 631 3571 δὲ
649 3512 683 3571 τὸ
704 3514 851 3571 αθᾶνατον
869 3524 928 3571 νοοῖ
945 3523 990 3571 καὶ
1007 3517 1144 3589 λογίζεται
1163 3531 1211 3573 eto.

37 3590 91 3645 His
114 3595 282 3643 retransitivis
303 3595 378 3643 etiam
398 3579 463 3642 άσαι
481 3595 699 3644 adnumerandum
718 3594 823 3643 videtur.

122 3677 149 3740 ³)
176 3680 362 3729 Grammaticus
388 3680 474 3729 Herm.
499 3696 525 3743 p.
545 3680 605 3729 407.
629 3672 688 3744 φάτο
712 3681 803 3745 τρίχας
825 3680 872 3727 καὶ
892 3672 991 3746 φύουσι
1016 3683 1110 3749 τρίχες.
1156 3681 1213 3730 Hoc

35 3751 180 3803 intellectu
208 3766 329 3815 praesens
353 3753 432 3800 semel
455 3753 522 3815 apud
547 3752 701 3810 Homerum,
727 3752 828 3814 saepius
851 3752 917 3814 apud
943 3755 1097 3815 posteriores
1122 3752 1214 3815 legitur

36 3826 159 3874 Aristot.
179 3822 265 3871 Probl.
284 3823 316 3870 V.
337 3822 379 3870 27.
399 3822 493 3871 Liban.
513 3823 587 3872 Decl.
605 3838 631 3886 p.
646 3823 723 3871 1077,
742 3823 772 3871 Τ.
791 3823 835 3871 IV.
857 3823 955 3887 Geopp.
975 3825 1019 3873 1Π.
1041 3824 1064 3873 5.
1085 3824 1109 3873 3.
1127 3824 1214 3872 Xeno·
1277 3886 1279 3888 Ι

38 3903 111 3944 erat.
132 3894 167 3944 11.
190 3909 213 3956 p.
236 3893 259 3940 7.
285 3893 382 3943 Himer.
402 3894 456 3943 Eel.
475 3893 534 3942 XX.
555 3892 580 3955 4,
600 3893 659 3942 270.
685 3893 794 3942 Theocr.
809 3894 865 3943 VII.
887 3895 928 3942 75.
948 3895 1069 3945 Moschus
1087 3895 1132 3944 Ill.
1155 3891 1212 3941 108.

37 3967 162 4031 Oppiau.
183 3963 249 4027 Cyn.
269 3964 303 4012 II.
323 3964 382 4014 567.
406 3965 584 4028 imperfectum
601 3964 739 4015 Pancrates
758 3965 853 4014 Athen.
872 3966 931 4014 XV.
952 3963 1011 4014 677.
1035 3967 1062 4016 F.
1082 3973 1108 4014 et
1125 3970 1214 4013 contra
1281 3974 1285 3982 ’

38 4030 62 4085 ὁ
86 4029 138 4103 φάο
168 4051 215 4099 pro
238 4027 253 4082 ὃ
277 4027 362 4100 φάσαν
385 4053 407 4085 v.
432 4037 525 4084 Hasius
549 4037 581 4085 ad
605 4036 685 4086 Leon.
710 4036 783 4086 Diae.
807 4052 832 4100 p.
852 4035 913 4086 469.
942 4029 1032 4086 Corsis
1057 4037 1088 4087 ad
1112 4035 1214 4084 Heliod.

38 4121 72 4172 ιτ.
93 4107 135 4157 62.
161 4103 243 4172 ἔφυσε
266 4121 312 4169 pro
338 4105 387 4172 ἔφυ
410 4107 489 4156 Anth.
514 4106 568 4156 Pal.
588 4107 659 4171 'App
684 4108 715 4156 N.
737 4107 794 4157 135.
819 4108 863 4157 sed
888 4109 1018 4158 Brunokio
1044 4116 1068 4157 et
1090 4105 1213 4156 Jacobsio

43 4186 207 4244 suspectum.
228 4174 314 4238 [Phot.
329 4177 371 4239 75,
391 4175 434 4228 97.
453 4178 565 4227 Meinok.
584 4180 617 4228 ad
635 4179 764 4229 Theocrit.
783 4179 840 4228 VII.
862 4175 917 4240 75,]
1050 4185 1051 4189 ’

123 4260 148 4325 ⁴)
170 4266 402 4317 Grammaticorum
426 4267 550 4330 exemplis
569 4266 635 4316 adde
653 4267 763 4331 Hesych.
783 4257 932 4334 πρόχασον,
951 4255 1072 4332 πρόελθε
1091 4270 1116 4311 et
1133 4277 1214 4309 urua-

50 4329 282 4474 ἑβὸἶζέθγξωχίίῖἱῗι.
313 4338 441 4389 Neutralis
460 4339 612 4402 significatio
625 4346 732 4402 apparet
742 4340 770 4388 in
781 4339 860 4388 latino
873 4337 938 4396 cedo,
959 4335 1072 4386 factitius
1083 4335 1110 4383 in
1122 4325 1214 4395 σχάζα
