2850 4956
212 299 230 353 4
689 293 890 345 νιτοοωειε.

117 484 119 489 ’
212 497 301 573 δντα
339 499 400 572 καὶ
431 490 727 594 ἐπικομπάζοντα
761 495 810 584 ῶς
842 500 915 568 τῶν
947 499 1092 594 ἐχθρῶν
1122 489 1367 599 ἀνῃρημένων.

211 647 271 719 καὶ
303 625 322 718 6
354 648 422 741 μὲν
451 645 654 744 είςέρχεται
677 644 736 716 ἐπὶ
769 648 819 740 τῷ
850 646 1056 739 μαστιγοῦν
1087 634 1151 713 τόν
1172 637 1367 715 Ὀδυσσέα.

211 792 450 891 παραγίνεται
488 792 528 863 δὲ
559 780 688 888 Χορός
719 790 957 884 Σαλαμινίων
988 791 1135 861 ναυτῶν
1164 779 1268 872 εἰδῶς
1302 789 1370 880 μὲν

212 930 254 1009 τό
287 929 447 1030 γεγονός,
479 931 537 1007 ότι
569 936 721 1031 ποίμνια
753 927 968 1035 ἐσφάγησαν
988 923 1197 1031 Ἑλληνικά,
1229 927 1371 1023 ἀγνοῶν

212 1085 253 1155 δὲ
284 1076 348 1154 τόν
379 1075 579 1181 δράσαντα.
622 1077 756 1167 ’Ἐξεισι
782 1081 907 1153 δὲκαὶ
936 1085 1135 1177 Τέκμησσα
1161 1082 1230 1150 τοῦ
1255 1078 1369 1150 Αἴαν-

187 1253 276 1316 τος
307 1221 536 1324 αἰχμάλωτος
568 1229 758 1314 παλλακὶς,
777 1203 908 1335 Ιεἰδυῖα
938 1231 1006 1321 μὲν
1038 1219 1102 1298 τόν
1128 1231 1270 1326 σφαγέα
1298 1229 1370 1296 τῶν

212 1376 405 1472 ποιμνίων,
438 1370 496 1445 ότι
528 1375 624 1460 Αίας
656 1373 769 1458 ἐστὶν,
803 1369 989 1473 ἀγνοοῦσα
1022 1375 1063 1444 δέ
1093 1374 1191 1458 τίνος
1221 1373 1291 1442 εἷεν
1324 1364 1369 1441 τά

212 1523 379 1622 ποίμνια·
407 1514 578 1620 ἑκάτερος
603 1508 670 1591 οῦν
694 1515 778 1618 παρ’
806 1524 980 1618 ἑκατέρου
997 1510 1187 1613 μαθόντες
1204 1507 1248 1593 τό,
1264 1512 1368 1608 ἀγνο-

211 1661 376 1764 οῦμενον,
404 1665 423 1738 6
442 1657 572 1764 Χορός
595 1668 664 1761 μὲν
680 1656 781 1764 παρά
803 1657 1032 1764 Τεκμησσης,
1059 1658 1118 1736 ότι
1134 1664 1231 1750 Αἴας
1249 1667 1369 1735 ταῦτα

211 1815 359 1913 έδρασε,
396 1789 596 1910 Τέκμησσα
622 1812 662 1883 δὲ
694 1802 796 1908 παρά
823 1815 890 1882 τοῦ
916 1814 1070 1910 Χοροῦ,
1104 1804 1162 1881 ότι
1184 1797 1368 1905 Ἐλληνικά
1404 1818 1407 1827 “

212 1949 258 2028 τά
292 1963 477 2057 σφαγέντα
509 1957 678 2052 ποίμνια,
710 1949 1028 2055 ἀπολοφόρονται,
1066 1955 1126 2028 καί
1155 1947 1316 2049 μάλιστα
1349 1951 1368 2024 6

212 2094 355 2201 Χορός·
389 2096 480 2174 ὅθεν
512 2095 558 2200 δη
591 2101 609 2173 ὁ
637 2102 734 2189 Αἴας
760 2096 968 2202 προελθῶν,
995 2108 1143 2204 έμφρων
1168 2094 1370 2196 γενόμενος,

212 2240 346 2320 ἑαυτόν
376 2241 666 2348 ἀπολοφόρεται·
704 2250 764 2321 καὶ
795 2242 931 2323 τοῦτου
964 2247 988 2349 η
1024 2254 1222 2347 Τέκμησσα
1254 2251 1370 2322 δεῖται

212 2386 439 2466 παύσασθαι
471 2398 537 2492 της
563 2391 688 2493 ὀργῆς·
724 2393 743 2466 ὁ
771 2398 811 2470 δὲ
835 2387 1122 2494 ὑποκρινόμενος
1147 2399 1371 2470 πεπαῦσθαι

211 2538 322 2626 ἔξεισι
348 2541 564 2638 καθαρσίων
589 2544 705 2613 ἕνεκεν
731 2543 792 2614 καὶ
817 2532 950 2614 ἑαυτόν
971 2543 1177 2642 διαχρῆται.
1229 2543 1312 2615 Εἰσὶ
1330 2544 1371 2616 δὲ
1412 2564 1416 2569 ’

211 2687 272 2758 καί
309 2687 369 2758 ἐπὶ
407 2690 458 2783 τῷ
491 2689 584 2760 τέλει
615 2692 683 2761 τοῦ
714 2679 903 2786 δράματος
934 2681 1035 2781 λόγοι
1069 2691 1165 2775 τινές
1202 2681 1369 2787 Τεῦκρον

210 2824 303 2931 πρός
330 2834 541 2918 Μενέλαον,
575 2830 642 2906 οῦκ
673 2839 790 2906 ἐῶντα
815 2826 978 2907 θάπτειν
1004 2825 1045 2907 τό
1073 2837 1188 2928 σῶμα.
1250 2823 1303 2906 Τό
1329 2835 1371 2906 δὲ

211 2982 336 3074 πέρας,
354 2971 491 3072 θάψας
508 2969 624 3050 αὐτόν
645 2983 806 3078 Τεῦκρος
822 2972 1107 3080 ἀπολοφόρεται.
1152 2979 1370 3078 Παρίστησι

212 3120 252 3191 δὲ
278 3117 296 3188 ὁ
323 3111 428 3211 λόγος
454 3126 521 3219 της
547 3124 760 3220 τραγῳδίας,
787 3119 845 3195 ότι
871 3125 908 3210 έξ
934 3121 1044 3225 ἀργῆς
1070 3125 1129 3196 καὶ
1148 3125 1370 3226 φιλονεικίας

118 3269 120 3272 ’
212 3266 247 3335 οἱ
276 3261 472 3365 ἀνθρωποι
502 3263 626 3365 ἥκοιεν
658 3269 718 3340 ἐπὶ
750 3260 795 3340 τά
822 3275 978 3344 τοιαῦτα
1003 3263 1216 3369 νοσήματα,
1250 3264 1369 3369 ῶςπερ

172 3382 174 3388 ,
210 3409 229 3482 6
264 3412 361 3499 Αἴας
399 3405 654 3512 προςδοκησας
692 3409 868 3514 έγκρατης
904 3418 996 3488 εἶναι
1035 3412 1107 3488 τῶν
1144 3409 1266 3488 όπλων
1291 3417 1371 3488 ,καὶ

211 3548 422 3650 ἀποτυχών,
456 3562 544 3650 έγνω
577 3552 711 3662 ἑαυτὸν
736 3550 881 3633 ἀνελεῖν.
932 3563 984 3635 Αἱ
1008 3563 1048 3637 δὲ
1074 3565 1246 3637 τοιαῦται
1271 3572 1370 3646 νῖκαι

211 3688 288 3775 οῦκ
304 3703 394 3775 εἰσὶν
419 3705 614 3804 έπωφελεῖς
640 3702 726 3794 οῦδὲ
753 3716 830 3794 τοῖς
855 3709 1008 3780 δοκοῦσι
1032 3712 1269 3805 νενικηκέναι·
1298 3701 1371 3807 ὅρα

209 3840 277 3948 γάρ
305 3848 363 3920 καὶ
398 3844 485 3948 παρ’
515 3843 663 3948 Ὁμήρῳ
699 3811 753 3922 τά
770 3852 853 3951 περὶ
879 3835 947 3952 της
971 3847 1087 3951 ἥττης
1113 3856 1181 3925 τοῦ
1205 3852 1371 3940 Αἴαντος

209 3985 308 4067 πάνυ
334 3985 396 4067 διά
419 3989 585 4094 βραχέων
610 4002 671 4101 καί
695 4002 931 4097 περιπαθῶς·
959 3993 1122 4092 (Ὸδοσσ.
1149 3999 1178 4071 λ.
1199 3997 1314 4094 542.)Ι

271 4167 272 4171 ’
363 4160 416 4241 οίη
440 4160 474 4226 δ’
496 4161 642 4241 Α’ίαντος
664 4159 754 4256 φυγὴ
784 4163 1042 4250 Τελαμωνιάδαο

332 4274 350 4331 9
363 4272 486 4365 νόσφιν
497 4272 699 4365 ἀφειστήκει
721 4281 924 4366 κεχολωμένη
948 4276 1055 4345 είνεκα
1079 4284 1222 4368 τευχέων.
