2850 4956
94 388 97 390 -
180 348 216 404 60
620 340 895 399 COMMENTARIUS

175 506 244 595 jam
267 502 504 572 constructioni
526 499 657 571 additus
682 503 782 588 est1),
806 500 965 568 sententia
987 499 1100 569 eadem
1121 511 1247 586 manet3
1275 502 1340 572 hoc

179 603 288 661 autem
309 594 395 678 loco,
417 601 455 659 ut
476 592 547 660 viro
570 590 981 680 praestantissimorum,
1003 590 1179 678 plurimum
1193 593 1338 679 interest,

72 697 75 702 ’
178 693 287 751 utrum
315 684 476 768 θηρῶμαι
505 704 579 749 cum
605 689 724 766 πεῖραν
752 680 898 768 proxime
926 682 1160 769 conjungatur,
1193 705 1236 749 an
1265 705 1340 750 cum

179 769 345 857 ἁρπάσαι,
373 769 456 837 illud
484 772 570 837 enim
599 769 761 858 significat
786 769 936 836 hostibus
959 767 1094 837 insidias
1115 793 1245 858 parare,
1275 771 1339 838 hoc

179 869 320 928 structas
352 860 394 927 ab
416 860 566 927 hostibus
588 858 784 946 praeripere.
835 859 888 925 Dc
910 860 1102 946 pronomine
1123 859 1250 926 infinito
1272 884 1340 927 non

179 951 332 1034 diffiteor,
352 947 389 1016 id
410 949 490 1016 mihi
513 970 643 1035 quoque
666 948 768 1015 multo
791 970 810 1013 a
834 948 899 1014 tius
922 947 1069 1015 additum
1091 947 1204 1035 videri,
1232 949 1260 1016 si
1283 973 1340 1016 no-

179 1040 265 1106 mine
295 1044 394 1125 πεῖρα
418 1037 618 1127 significetur
638 1037 674 1103 id
696 1036 786 1122 quod
807 971 924 1106 inires
946 1036 1151 1106 machinatur
1180 1061 1279 1125 quam
1301 1039 1338 1124 si,

181 1126 271 1214 quod
299 1127 425 1208 hostes3
454 1150 559 1212 neque
586 1127 650 1193 hoc
674 1125 737 1195 aha
759 1126 884 1194 ratione
908 1127 1077 1194 exsolvere
1100 1128 1184 1213 scio,
1212 1127 1341 1196 nisiex

181 1241 231 1301 eo,
254 1215 343 1303 quod
366 1215 540 1284 dicendum
561 1224 640 1300 erat,
664 1210 694 1300 ὅ,
716 1240 748 1281 τι
771 1217 937 1297 δηποτοῦν
959 1221 991 1284 οἱ
1014 1218 1133 1305 ἐχθροὶ
1152 1218 1339 1306 πειρῶνται,

180 1306 330 1374 relictum
353 1327 424 1374 esse
445 1305 509 1373 hoc
530 1301 647 1393 scalpris
670 1328 753 1372 τινα.
1165 1350 1166 1353 ,

268 1393 312 1463 V.
327 1397 426 1464 4-6.
472 1395 624 1476 Σκηναῖς
646 1401 815 1472 ναυτικαῖς
834 1391 993 1479 Αίαντος,
1016 1395 1103 1460 ἔνθα
1126 1392 1222 1479 τάξιν
1244 1391 1340 1482 ὲσχά·

180 1508 241 1565 την
264 1485 327 1568 ίχει
349 1483 441 1551 affert
454 1483 645 1552 Eustathius
668 1506 701 1570 p.
719 1484 794 1567 826,
819 1483 871 1549 52.
896 1491 1035 1567 quatuor
1056 1491 1221 1570 postrema
1240 1485 1341 1551 verba

178 1598 213 1731 ἓ.
230 1573 306 1726 793,
329 1576 381 1640 46.
410 1572 483 1661 ίχνη
511 1571 663 1640 τάκείνου
685 1568 891 1663 νεοχάρακτα
914 1568 1034 1639 Suidas
1056 1595 1081 1639 e.
1107 1569 1339 1662 Νεοχάρακτα.

209 1683 240 1730 ο.
292 1681 320 1728 s.

265 1749 309 1819 V.
332 1754 363 1818 7.
414 1742 465 1819 Εὖ
494 1752 528 1817 ss
551 1748 582 1816 c'
607 1751 736 1838 ἐκφέρει
757 1743 855 1827 κυνὸς
875 1751 1054 1831 Λακαίνης
1076 1748 1120 1828 ὥς
1142 1775 1190 1827 τις
1214 1746 1340 1839 είίρινος

178 1838 286 1927 βάσις.
337 1840 432 1908 Haec
459 1847 619 1928 usurpant
647 1836 757 1907 Schol.
785 1837 897 1925 Apoll.
927 1837 1069 1908 Π.125.
1099 1838 1208 1928 Etym.
1232 1840 1284 1908 M.
1314 1864 1337 1908 s.

184 1931 351 2017 Τρίβακος
373 1939 406 1996 et
421 1928 539 1998 Suidas
561 1929 666 1996 tribus
680 1928 761 1995 locis
778 1949 803 1992 s.
822 1923 938 2011 Βάσις,
962 1922 1102 2013 Εὔρινος
1120 1937 1153 1996 et
1167 1925 1337 1999 Λάκαινα.

177 2017 326 2086 Imitatus
357 2027 406 2086 est
433 2018 593 2086 Libanius
615 2017 738 2105 Ecphr.
761 2016 801 2082 Τ.
823 2015 883 2082 IV.
913 2039 947 2104 p.
974 2018 1069 2083 1065.
1099 2016 1214 2103 εὐρίνῳ
1242 2016 1340 2103 βάσει

137 2101 218 2174 racd
249 2103 426 2173 λανθάνον
455 2103 696 2196 άνιχνεάοντες,
726 2114 759 2173 et
787 2104 929 2192 apertius
957 2104 1094 2172 Manuel
1121 2106 1339 2197 Palaeologus

180 2193 238 2263 Or.
261 2194 320 2261 VI.
343 2197 417 2261 331.
452 2191 498 2282 μὴ
528 2197 855 2283 πολυπραγμονῶμεν
890 2235 930 2246 -
966 2189 1069 2280 άςπερ
1098 2200 1130 2261 οἱ
1159 2195 1200 2260 τά
1230 2197 1340 2282 θηρία

179 2285 418 2371 ῥινηλατοῦσαι
441 2281 724 2362 stratonicem·
749 2277 879 2369 εάρινας
900 2278 1024 2361 ταύτας
1047 2279 1113 2349 εἷπε
1136 2283 1338 2377 Σοφοκλῆς·

179 2374 286 2441 minus
310 2383 421 2460 aperte
443 2373 601 2441 Aelianus
624 2372 711 2441 Hist.
735 2371 879 2439 Animm.
902 2370 947 2438 ΙΙ.
971 2393 999 2440 c.
1018 2373 1069 2440 15.
1093 2373 1187 2454 δίκην
1210 2371 1341 2461 εὐρίνου

180 2459 285 2540 κυνός.
340 2462 387 2528 Hi
415 2464 517 2551 igitur
540 2458 665 2552 εὕρινος
688 2461 870 2530 secundum
894 2482 1005 2528 casum
1027 2482 1100 2528 esse
1122 2460 1344 2548 crediderunt

179 2550 338 2618 Libanius
371 2552 528 2640 primum,
561 2552 698 2639 perinde
732 2559 770 2617 ut
801 2551 912 2639 Etym.
942 2549 991 2619 M.
1027 2545 1158 2637 εὕρινος
1184 2548 1287 2636 βάσις
1320 2552 1339 2634 ἡ

179 2637 388 2732 εὐόσφρητος
410 2643 539 2729 πορεία,
564 2664 602 2708 ac
624 2649 713 2708 recte
729 2639 871 2726 quidem,
896 2639 1046 2724 quoniam
1061 2640 1168 2725 poetis
1183 2640 1340 2708 familiare

180 2737 230 2797 est
259 2730 403 2818 epitheta
424 2731 591 2818 trajicere3
621 2733 714 2818 cujus
736 2729 784 2796 rei
807 2728 955 2814 exempla
977 2728 1117 2815 plurima
1139 2729 1341 2818 collegerunt

179 2819 340 2887 Abresch.
364 2820 494 2887 Dilucc.
518 2819 623 2889 Thuc.
646 2843 680 2906 p.
697 2821 772 2886 244.
812 2816 972 2884 Valcken.
995 2816 1038 2884 ad
1059 2816 1205 2905 Lennsp.
1227 2818 1339 2908 Etym.

161 2906 220 2975 T.
243 2909 286 2978 H.
314 2933 348 2998 p.
373 2912 447 2979 700.
506 2908 666 2976 Matthiae
696 2906 841 2975 Gramm.
869 2929 901 2994 p.
926 2907 1000 2972 799.
1029 2906 1222 2995 Bernhardy
1244 2905 1339 2998 Synt.

179 3021 212 3085 p.
230 2998 281 3063 53.
305 3007 367 3067 etc.
399 2999 517 3085 quibus
540 3008 648 3065 autem
671 2997 753 3064 haec
775 3017 827 3062 res
849 3003 983 3084 regatur
1003 2994 1133 3081 finibus,
1155 3019 1251 3063 nemo
1275 3006 1340 3064 tra-

182 3085 274 3170 didit,
297 3109 402 3173 neque
424 3087 516 3154 dictu
537 3088 634 3155 facile
657 3094 715 3154 est.
754 3080 894 3172 Εὕρινος
915 3081 1014 3168 βάσις
1030 3085 1087 3150 vix
1101 3107 1231 3153 sensum
1247 3085 1341 3154 affert

182 3174 317 3261 epitheti
339 3177 483 3262 trajecti3
514 3199 576 3242 nec
602 3175 712 3262 Θῆβαι
742 3169 872 3240 εὔιπποι
893 3172 972 3239 Eur.
996 3173 1142 3241 Phoenn.
1167 3178 1216 3240 17.
1241 3184 1276 3241 et
1298 3177 1340 3242 si-

181 3261 270 3330 milia
286 3264 490 3331 mirationem
505 3265 639 3349 faciunt,
662 3263 720 3331 sed
735 3259 905 3330 λεύκιπποι
919 3263 1098 3347 Καδμείων
1114 3261 1228 3347 ἀγυιαί
1241 3263 1338 3332 Pind.

180 3352 278 3440 Pyth.
301 3352 365 3420 ΙΧ.
392 3355 465 3420 146.
488 3376 584 3420 nemo
607 3363 792 3421 nostrorum
815 3360 986 3439 poetarum
1007 3351 1196 3437 imitabitur,
1217 3353 1340 3421 nedum

179 3443 256 3508 ista:
285 3452 401 3530 γραῖαι
430 3437 539 3510 ὅσσων
565 3445 670 3526 πηγαί
697 3442 777 3516 Eur.
800 3440 902 3508 Herc.
923 3442 999 3508 450.
1030 3438 1237 3550 λευκοπήχεις
1264 3441 1339 3510 κτύ-

117 3546 125 3551 ·
179 3555 237 3597 ποι
266 3540 378 3619 χεροῖν
407 3531 553 3601 Phoenn.
579 3533 673 3598 1350.
729 3533 763 3596 Γ
760 3527 903 3608 αάαντος
930 3527 1040 3620 τάφον
1068 3531 1340 3620 μουσοφθαρτον

179 3619 345 3707 Lycophr.
370 3621 445 3697 831.
490 3620 584 3688 Haec
607 3645 627 3687 a
647 3620 812 3708 prioribus
835 3627 991 3705 quantum
1014 3617 1144 3704 distent,
1167 3619 1338 3687 manifesto

180 3717 331 3796 apparet;
355 3709 414 3778 sed
435 3732 494 3797 per
517 3731 597 3797 quos
619 3709 741 3799 gradus
764 3732 785 3776 a
805 3708 933 3776 lenibus
955 3708 1125 3796 principiis
1147 3708 1213 3776 huc
1235 3731 1339 3795 usque

179 3807 336 3887 provecta
369 3798 413 3867 sit
443 3799 659 3867 transferendi
685 3797 822 3866 audacia
849 3806 882 3865 et
910 3795 989 3884 quid
1016 3797 1115 3865 fiterit
1143 3797 1339 3866 audentibus

180 3896 371 3975 extremum,
399 3889 582 3976 quaerimus
608 3890 784 3974 incassum,
806 3911 848 3954 ne
872 3886 1022 3954 codicum
1045 3886 1176 3972 quidem
1198 3887 1339 3956 auctori-

178 3978 301 4048 tatibus
323 3978 405 4047 satis
425 3978 555 4065 confisi,
585 3980 641 4066 qui
662 3978 747 4047 inter
769 3999 804 4046 se
826 3999 982 4067 persaepe
1005 3975 1204 4065 discrepant,
1225 3986 1265 4045 ut
1287 4002 1337 4066 ap.

254 4233 277 4296 ¹)
295 4235 449 4289 Insolentiae
468 4236 526 4288 loco
545 4250 597 4288 non
614 4236 704 4286 ultimo
722 4236 822 4300 positus
840 4234 956 4301 Thucyd.
968 4235 988 4286 1.
1009 4232 1051 4286 33.
1073 4223 1112 4300 μὴ
1135 4226 1214 4284 δυοῖν
1231 4225 1340 4302 φθάσαι
1421 4282 1424 4286 ,

180 4299 335 4377 ἁμάρτωσι,
360 4311 510 4376 interpretes
533 4315 593 4359 ante
610 4308 786 4359 Hermannum
809 4308 852 4358 diu
875 4307 969 4359 frustra
988 4307 1109 4359 exercuit.
1145 4305 1197 4357 Pro
1214 4305 1338 4358 infinitivo

180 4379 385 4444 conjunctionem
408 4382 510 4432 finalem
527 4380 615 4445 posuit
632 4379 722 4445 Lysias
741 4396 766 4446 p.
784 4380 893 4446 Polystr.
914 4378 974 4443 160,
992 4377 1035 4430 40.
1060 4371 1093 4428 οὗ
1108 4370 1261 4449 χρημάτων
1277 4377 1339 4428 ius-

180 4465 223 4511 κα,
243 4447 288 4498 ἵνα
305 4444 446 4519 λάβοιμεν,
466 4436 498 4503 ad
516 4448 671 4516 ἐποιοῦμεν.
