<?xml version="1.0" encoding="UTF-8"?>
<!DOCTYPE html PUBLIC "-//W3C//DTD XHTML 1.0 Transitional//EN"
    "http://www.w3.org/TR/xhtml1/DTD/xhtml1-transitional.dtd">
<html xmlns="http://www.w3.org/1999/xhtml" xml:lang="en" lang="en">
 <head>
  <title>
</title>
<meta http-equiv="Content-Type" content="text/html;charset=utf-8" />
  <meta name='ocr-system' content='tesseract 3.04.00' />
  <meta name='ocr-capabilities' content='ocr_page ocr_carea ocr_par ocr_line ocrx_word'/>
</head>
<body>
  <div class='ocr_page' id='page_1' title='image "aiax00sophgoog_0073.png"; bbox 0 0 2850 4956; ppageno 0'>
   <div class='ocr_carea' id='block_1_1' title="bbox 219 285 926 370">
    <p class='ocr_par' dir='ltr' id='par_1_1' title="bbox 219 285 926 370">
     <span class='ocr_line' id='line_1_1' title="bbox 219 285 926 370; baseline -0.008 -9"><span class='ocrx_word' id='word_1_1' title='bbox 219 312 254 370; x_wconf 70' lang='grc' dir='ltr'><strong><em>ει</em></strong></span> <span class='ocrx_word' id='word_1_2' title='bbox 393 285 397 295; x_wconf 80' lang='grc'><em>’</em></span> <span class='ocrx_word' id='word_1_3' title='bbox 659 302 926 361; x_wconf 66' lang='grc' dir='ltr'><strong><em>νοουκκτοντ</em></strong></span> 
     </span>
    </p>
   </div>
   <div class='ocr_carea' id='block_1_2' title="bbox 217 452 1379 3892">
    <p class='ocr_par' dir='ltr' id='par_1_2' title="bbox 222 452 1301 762">
     <span class='ocr_line' id='line_1_2' title="bbox 222 452 1165 550; baseline -0.012 -15"><span class='ocrx_word' id='word_1_4' title='bbox 222 469 306 535; x_wconf 84' lang='grc'><strong>1345</strong></span> <span class='ocrx_word' id='word_1_5' title='bbox 335 531 342 544; x_wconf 82' lang='grc'><strong><em>,</em></strong></span> <span class='ocrx_word' id='word_1_6' title='bbox 371 465 426 532; x_wconf 87' lang='grc' dir='ltr'><strong><em>σοὶ</em></strong></span> <span class='ocrx_word' id='word_1_7' title='bbox 447 464 507 549; x_wconf 80' lang='grc' dir='ltr'><strong><em>μὲν</em></strong></span> <span class='ocrx_word' id='word_1_8' title='bbox 520 454 657 550; x_wconf 71' lang='grc' dir='ltr'><strong><em>νέμοηί</em></strong></span> <span class='ocrx_word' id='word_1_9' title='bbox 677 455 720 530; x_wconf 85' lang='grc' dir='ltr'><strong><em>άν</em></strong></span> <span class='ocrx_word' id='word_1_10' title='bbox 742 463 837 544; x_wconf 84' lang='grc' dir='ltr'><strong><em>τῆςδε</em></strong></span> <span class='ocrx_word' id='word_1_11' title='bbox 859 462 915 527; x_wconf 83' lang='grc' dir='ltr'><strong><em>καί</em></strong></span> <span class='ocrx_word' id='word_1_12' title='bbox 937 456 1035 544; x_wconf 83' lang='grc' dir='ltr'><strong><em>μείζω</em></strong></span> <span class='ocrx_word' id='word_1_13' title='bbox 1054 452 1165 547; x_wconf 90' lang='grc' dir='ltr'><strong><em>χάριν.</em></strong></span> 
     </span>
     <span class='ocr_line' id='line_1_3' title="bbox 369 559 1301 652; baseline -0.011 -15"><span class='ocrx_word' id='word_1_14' title='bbox 369 559 467 647; x_wconf 79' lang='grc' dir='ltr'><strong><em>οὗτος</em></strong></span> <span class='ocrx_word' id='word_1_15' title='bbox 489 569 524 636; x_wconf 80' lang='grc' dir='ltr'><strong><em>δέ</em></strong></span> <span class='ocrx_word' id='word_1_16' title='bbox 546 565 639 634; x_wconf 86' lang='grc' dir='ltr'><strong><em>κάκεῖ</em></strong></span> <span class='ocrx_word' id='word_1_17' title='bbox 660 562 811 634; x_wconf 79' lang='grc' dir='ltr'><strong><em>κάνθάδ’</em></strong></span> <span class='ocrx_word' id='word_1_18' title='bbox 832 559 878 633; x_wconf 76' lang='grc' dir='ltr'><strong><em>ὢν</em></strong></span> <span class='ocrx_word' id='word_1_19' title='bbox 900 561 1004 651; x_wconf 82' lang='grc' dir='ltr'><strong><em>έμοιγ’</em></strong></span> <span class='ocrx_word' id='word_1_20' title='bbox 1025 561 1114 652; x_wconf 82' lang='grc' dir='ltr'><strong><em>ὁμῶς</em></strong></span> <span class='ocrx_word' id='word_1_21' title='bbox 1298 644 1301 651; x_wconf 26' lang='grc' dir='ltr'>Ι</span> 
     </span>
     <span class='ocr_line' id='line_1_4' title="bbox 369 663 1175 762; baseline -0.007 -20"><span class='ocrx_word' id='word_1_22' title='bbox 369 675 527 762; x_wconf 82' lang='grc' dir='ltr'><strong><em>ίχθιστος</em></strong></span> <span class='ocrx_word' id='word_1_23' title='bbox 549 675 655 741; x_wconf 88' lang='grc' dir='ltr'><strong><em>έσται·</em></strong></span> <span class='ocrx_word' id='word_1_24' title='bbox 679 675 734 740; x_wconf 86' lang='grc' dir='ltr'><strong><em>σοί</em></strong></span> <span class='ocrx_word' id='word_1_25' title='bbox 756 674 790 738; x_wconf 82' lang='grc' dir='ltr'><strong><em>δὲ</em></strong></span> <span class='ocrx_word' id='word_1_26' title='bbox 814 672 899 760; x_wconf 78' lang='grc' dir='ltr'><strong><em>δρᾷν</em></strong></span> <span class='ocrx_word' id='word_1_27' title='bbox 921 663 1037 751; x_wconf 72' lang='grc' dir='ltr'><strong><em>ἔξεσθ’</em></strong></span> <span class='ocrx_word' id='word_1_28' title='bbox 1057 664 1080 733; x_wconf 85' lang='grc' dir='ltr'><strong><em>ά</em></strong></span> <span class='ocrx_word' id='word_1_29' title='bbox 1099 664 1175 758; x_wconf 78' lang='grc' dir='ltr'><strong><em>χρή.</em></strong></span> 
     </span>
    </p>

    <p class='ocr_par' dir='ltr' id='par_1_3' title="bbox 363 797 1377 1164">
     <span class='ocr_line' id='line_1_5' title="bbox 724 797 871 850; baseline 0.014 -2"><span class='ocrx_word' id='word_1_30' title='bbox 724 797 871 850; x_wconf 77' lang='grc' dir='ltr'><em>ΧΟΡΟΣ.</em></span> 
     </span>
     <span class='ocr_line' id='line_1_6' title="bbox 363 872 1176 970; baseline -0.004 -22"><span class='ocrx_word' id='word_1_31' title='bbox 363 878 474 960; x_wconf 88' lang='grc' dir='ltr'><strong><em>Ὅστις</em></strong></span> <span class='ocrx_word' id='word_1_32' title='bbox 497 879 543 963; x_wconf 90' lang='grc' dir='ltr'><strong><em>σ’,</em></strong></span> <span class='ocrx_word' id='word_1_33' title='bbox 569 879 728 960; x_wconf 81' lang='grc' dir='ltr'><strong><em>Ὀδυσσεῦ,</em></strong></span> <span class='ocrx_word' id='word_1_34' title='bbox 751 875 798 965; x_wconf 80' lang='grc' dir='ltr'><strong><em>μη</em></strong></span> <span class='ocrx_word' id='word_1_35' title='bbox 822 880 908 965; x_wconf 83' lang='grc' dir='ltr'><strong><em>λέχει</em></strong></span> <span class='ocrx_word' id='word_1_36' title='bbox 928 874 1040 970; x_wconf 84' lang='grc' dir='ltr'><strong><em>χνύμη</em></strong></span> <span class='ocrx_word' id='word_1_37' title='bbox 1065 872 1176 968; x_wconf 88' lang='grc' dir='ltr'><strong><em>σοφὸν</em></strong></span> 
     </span>
     <span class='ocr_line' id='line_1_7' title="bbox 369 977 1377 1080; baseline -0.012 -26"><span class='ocrx_word' id='word_1_38' title='bbox 369 989 482 1080; x_wconf 82' lang='grc' dir='ltr'><strong><em>φῦναι,</em></strong></span> <span class='ocrx_word' id='word_1_39' title='bbox 504 987 658 1055; x_wconf 81' lang='grc' dir='ltr'><strong><em>τοιοῦτον</em></strong></span> <span class='ocrx_word' id='word_1_40' title='bbox 681 980 773 1065; x_wconf 83' lang='grc' dir='ltr'><strong><em>ὅντα,</em></strong></span> <span class='ocrx_word' id='word_1_41' title='bbox 794 979 906 1070; x_wconf 77' lang='grc' dir='ltr'><strong><em>μῶρός</em></strong></span> <span class='ocrx_word' id='word_1_42' title='bbox 929 980 995 1049; x_wconf 76' lang='grc' dir='ltr'><strong><em>ἐστ’</em></strong></span> <span class='ocrx_word' id='word_1_43' title='bbox 1015 977 1110 1070; x_wconf 85' lang='grc' dir='ltr'><strong><em>άνήρ.</em></strong></span> <span class='ocrx_word' id='word_1_44' title='bbox 1324 997 1377 1043; x_wconf 81' lang='grc' dir='ltr'><strong><em>ιειε</em></strong></span> 
     </span>
     <span class='ocr_line' id='line_1_8' title="bbox 673 1110 924 1164; baseline -0.008 -1"><span class='ocrx_word' id='word_1_45' title='bbox 673 1111 725 1163; x_wconf 85' lang='grc' dir='ltr'><strong><em>ΟΔ</em></strong></span> <span class='ocrx_word' id='word_1_46' title='bbox 735 1111 853 1164; x_wconf 61' lang='lat' dir='ltr'><strong><em>mlv</em></strong></span> <span class='ocrx_word' id='word_1_47' title='bbox 862 1110 924 1162; x_wconf 63' lang='lat' dir='ltr'><strong><em>Pl.</em></strong></span> 
     </span>
    </p>

    <p class='ocr_par' dir='ltr' id='par_1_4' title="bbox 223 1188 1379 1704">
     <span class='ocr_line' id='line_1_9' title="bbox 223 1188 1207 1282; baseline -0.006 -22"><span class='ocrx_word' id='word_1_48' title='bbox 223 1194 307 1261; x_wconf 87' lang='grc'><strong>1350</strong></span> <span class='ocrx_word' id='word_1_49' title='bbox 371 1196 442 1262; x_wconf 86' lang='grc' dir='ltr'><strong><em>Καὶ</em></strong></span> <span class='ocrx_word' id='word_1_50' title='bbox 464 1197 524 1262; x_wconf 78' lang='grc' dir='ltr'><strong><em>νῦν</em></strong></span> <span class='ocrx_word' id='word_1_51' title='bbox 545 1219 581 1279; x_wconf 85' lang='grc' dir='ltr'><strong><em>χε</em></strong></span> <span class='ocrx_word' id='word_1_52' title='bbox 610 1190 741 1282; x_wconf 82' lang='grc' dir='ltr'><em>Τεύκρῳ</em></span> <span class='ocrx_word' id='word_1_53' title='bbox 764 1188 851 1260; x_wconf 81' lang='grc' dir='ltr'><strong><em>τάπδ</em></strong></span> <span class='ocrx_word' id='word_1_54' title='bbox 874 1189 970 1259; x_wconf 79' lang='grc' dir='ltr'><strong><em>τοῦδ’</em></strong></span> <span class='ocrx_word' id='word_1_55' title='bbox 991 1188 1207 1277; x_wconf 83' lang='grc' dir='ltr'><strong><em>άχχέλλομαι,</em></strong></span> 
     </span>
     <span class='ocr_line' id='line_1_10' title="bbox 372 1288 1161 1387; baseline -0.01 -20"><span class='ocrx_word' id='word_1_56' title='bbox 372 1296 454 1367; x_wconf 87' lang='grc' dir='ltr'><strong><em>ὅσον</em></strong></span> <span class='ocrx_word' id='word_1_57' title='bbox 477 1298 546 1367; x_wconf 83' lang='grc' dir='ltr'><strong><em>τότ’</em></strong></span> <span class='ocrx_word' id='word_1_58' title='bbox 567 1293 692 1387; x_wconf 77' lang='grc' dir='ltr'><strong><em>ἐχθρός</em></strong></span> <span class='ocrx_word' id='word_1_59' title='bbox 713 1288 768 1383; x_wconf 82' lang='grc' dir='ltr'><strong><em>ἦν,</em></strong></span> <span class='ocrx_word' id='word_1_60' title='bbox 789 1293 927 1365; x_wconf 81' lang='grc' dir='ltr'><strong><em>τοσόνδ’</em></strong></span> <span class='ocrx_word' id='word_1_61' title='bbox 948 1293 1032 1365; x_wconf 76' lang='grc' dir='ltr'><strong><em>εἶναι</em></strong></span> <span class='ocrx_word' id='word_1_62' title='bbox 1054 1297 1161 1387; x_wconf 80' lang='grc' dir='ltr'><strong><em>φίλος.</em></strong></span> 
     </span>
     <span class='ocr_line' id='line_1_11' title="bbox 377 1398 1163 1479; baseline -0.006 -9"><span class='ocrx_word' id='word_1_63' title='bbox 377 1408 433 1471; x_wconf 85' lang='grc' dir='ltr'><strong><em>καὶ</em></strong></span> <span class='ocrx_word' id='word_1_64' title='bbox 454 1398 515 1472; x_wconf 81' lang='grc' dir='ltr'><strong><em>τόν</em></strong></span> <span class='ocrx_word' id='word_1_65' title='bbox 536 1401 693 1472; x_wconf 79' lang='grc' dir='ltr'><strong><em>θανόντα</em></strong></span> <span class='ocrx_word' id='word_1_66' title='bbox 716 1401 811 1470; x_wconf 83' lang='grc' dir='ltr'><strong><em>τόνδε</em></strong></span> <span class='ocrx_word' id='word_1_67' title='bbox 833 1398 1039 1470; x_wconf 86' lang='grc' dir='ltr'><strong><em>συνθάπτειν</em></strong></span> <span class='ocrx_word' id='word_1_68' title='bbox 1061 1402 1163 1479; x_wconf 90' lang='grc' dir='ltr'><strong><em>θέλω,</em></strong></span> 
     </span>
     <span class='ocr_line' id='line_1_12' title="bbox 370 1501 1125 1596; baseline -0.004 -21"><span class='ocrx_word' id='word_1_69' title='bbox 370 1511 426 1576; x_wconf 85' lang='grc' dir='ltr'><strong><em>καὶ</em></strong></span> <span class='ocrx_word' id='word_1_70' title='bbox 450 1508 627 1596; x_wconf 85' lang='grc' dir='ltr'><strong><em>ξυμπονεῖν</em></strong></span> <span class='ocrx_word' id='word_1_71' title='bbox 649 1512 706 1576; x_wconf 85' lang='grc' dir='ltr'><strong><em>καὶ</em></strong></span> <span class='ocrx_word' id='word_1_72' title='bbox 727 1510 830 1594; x_wconf 84' lang='grc' dir='ltr'><strong><em>μηδὲν</em></strong></span> <span class='ocrx_word' id='word_1_73' title='bbox 853 1509 1019 1588; x_wconf 77' lang='grc' dir='ltr'><strong><em>ἐλλείπειν,</em></strong></span> <span class='ocrx_word' id='word_1_74' title='bbox 1043 1501 1125 1573; x_wconf 85' lang='grc' dir='ltr'><strong><em>ὅσον</em></strong></span> 
     </span>
     <span class='ocr_line' id='line_1_13' title="bbox 367 1605 1379 1704; baseline -0.007 -22"><span class='ocrx_word' id='word_1_75' title='bbox 367 1608 433 1700; x_wconf 77' lang='grc' dir='ltr'><strong><em>χρὴ</em></strong></span> <span class='ocrx_word' id='word_1_76' title='bbox 454 1623 525 1694; x_wconf 90' lang='grc' dir='ltr'><strong><em>τοῖς</em></strong></span> <span class='ocrx_word' id='word_1_77' title='bbox 548 1613 697 1704; x_wconf 83' lang='grc' dir='ltr'><strong><em>ἀρίστοις</em></strong></span> <span class='ocrx_word' id='word_1_78' title='bbox 720 1609 884 1702; x_wconf 79' lang='grc' dir='ltr'><strong><em>ἀνδράσιν</em></strong></span> <span class='ocrx_word' id='word_1_79' title='bbox 905 1622 1020 1679; x_wconf 91' lang='grc' dir='ltr'><strong><em>πονεῖν</em></strong></span> <span class='ocrx_word' id='word_1_80' title='bbox 1042 1605 1195 1697; x_wconf 87' lang='grc' dir='ltr'><strong><em>βροτούς.</em></strong></span> <span class='ocrx_word' id='word_1_81' title='bbox 1327 1621 1379 1668; x_wconf 74' lang='lat'>188⁰</span> 
     </span>
    </p>

    <p class='ocr_par' dir='ltr' id='par_1_5' title="bbox 698 1740 901 1792">
     <span class='ocr_line' id='line_1_14' title="bbox 698 1740 901 1792; baseline -0.01 -1"><span class='ocrx_word' id='word_1_82' title='bbox 698 1742 749 1792; x_wconf 78' lang='lat' dir='ltr'><strong><em>TE</em></strong></span> <span class='ocrx_word' id='word_1_83' title='bbox 757 1740 901 1791; x_wconf 69' lang='grc' dir='ltr'><em>ῬΚΡΟΣ.</em></span> 
     </span>
    </p>

    <p class='ocr_par' dir='ltr' id='par_1_6' title="bbox 219 1817 1208 2341">
     <span class='ocr_line' id='line_1_15' title="bbox 219 1817 1126 1911; baseline -0.002 -25"><span class='ocrx_word' id='word_1_84' title='bbox 219 1823 304 1887; x_wconf 80' lang='grc'><strong>1355</strong></span> <span class='ocrx_word' id='word_1_85' title='bbox 372 1817 491 1911; x_wconf 78' lang='grc' dir='ltr'><strong><em>Ἅριστ’</em></strong></span> <span class='ocrx_word' id='word_1_86' title='bbox 523 1822 682 1903; x_wconf 83' lang='grc' dir='ltr'><strong><em>Ὀδυσσεῦ,</em></strong></span> <span class='ocrx_word' id='word_1_87' title='bbox 704 1817 802 1888; x_wconf 83' lang='grc' dir='ltr'><strong><em>πάντ’</em></strong></span> <span class='ocrx_word' id='word_1_88' title='bbox 823 1824 883 1908; x_wconf 72' lang='grc' dir='ltr'><strong><em>ἔχω</em></strong></span> <span class='ocrx_word' id='word_1_89' title='bbox 907 1819 939 1888; x_wconf 79' lang='grc' dir='ltr'><strong><em>τ’</em></strong></span> <span class='ocrx_word' id='word_1_90' title='bbox 956 1823 1126 1887; x_wconf 74' lang='grc' dir='ltr'><strong><em>ἐπαινέσαι</em></strong></span> 
     </span>
     <span class='ocr_line' id='line_1_16' title="bbox 369 1914 1185 2019; baseline -0.002 -26"><span class='ocrx_word' id='word_1_91' title='bbox 369 1924 513 2013; x_wconf 83' lang='grc' dir='ltr'><strong><em>λόγοισι·</em></strong></span> <span class='ocrx_word' id='word_1_92' title='bbox 537 1929 594 1994; x_wconf 90' lang='grc' dir='ltr'><strong><em>καί</em></strong></span> <span class='ocrx_word' id='word_1_93' title='bbox 615 1925 651 2013; x_wconf 89' lang='grc' dir='ltr'><strong><em>μ’</em></strong></span> <span class='ocrx_word' id='word_1_94' title='bbox 671 1930 814 2019; x_wconf 81' lang='grc' dir='ltr'><strong><em>έφευσας</em></strong></span> <span class='ocrx_word' id='word_1_95' title='bbox 837 1928 968 2010; x_wconf 82' lang='grc' dir='ltr'><strong><em>ἐλπίδος</em></strong></span> <span class='ocrx_word' id='word_1_96' title='bbox 990 1920 1082 1992; x_wconf 88' lang='grc' dir='ltr'><strong><em>πολύ.</em></strong></span> <span class='ocrx_word' id='word_1_97' title='bbox 1181 1914 1185 1927; x_wconf 79' lang='grc'>’</span> 
     </span>
     <span class='ocr_line' id='line_1_17' title="bbox 370 2026 1139 2123; baseline 0.001 -25"><span class='ocrx_word' id='word_1_98' title='bbox 370 2028 475 2119; x_wconf 84' lang='grc' dir='ltr'><strong><em>τούτῳ</em></strong></span> <span class='ocrx_word' id='word_1_99' title='bbox 496 2031 561 2123; x_wconf 77' lang='grc' dir='ltr'><strong><em>γάρ</em></strong></span> <span class='ocrx_word' id='word_1_100' title='bbox 585 2028 630 2100; x_wconf 77' lang='grc' dir='ltr'><strong><em>ὢν</em></strong></span> <span class='ocrx_word' id='word_1_101' title='bbox 653 2035 809 2120; x_wconf 73' lang='grc' dir='ltr'><strong><em>ἔχθιστος</em></strong></span> <span class='ocrx_word' id='word_1_102' title='bbox 831 2033 983 2120; x_wconf 84' lang='grc' dir='ltr'><strong><em>Ἀργείαν</em></strong></span> <span class='ocrx_word' id='word_1_103' title='bbox 1006 2026 1103 2117; x_wconf 75' lang='grc' dir='ltr'><strong><em>ἀνὴρ,</em></strong></span> <span class='ocrx_word' id='word_1_104' title='bbox 1136 2087 1139 2091; x_wconf 50' lang='grc'><strong><em>«</em></strong></span> 
     </span>
     <span class='ocr_line' id='line_1_18' title="bbox 367 2135 1208 2232; baseline 0.005 -28"><span class='ocrx_word' id='word_1_105' title='bbox 367 2135 470 2223; x_wconf 81' lang='grc' dir='ltr'><strong><em>μόνος</em></strong></span> <span class='ocrx_word' id='word_1_106' title='bbox 490 2144 657 2229; x_wconf 84' lang='grc' dir='ltr'><strong><em>παρέστης</em></strong></span> <span class='ocrx_word' id='word_1_107' title='bbox 676 2144 799 2232; x_wconf 86' lang='grc' dir='ltr'><strong><em>χερσὶν,</em></strong></span> <span class='ocrx_word' id='word_1_108' title='bbox 821 2137 896 2207; x_wconf 83' lang='grc' dir='ltr'><strong><em>οὐδ’</em></strong></span> <span class='ocrx_word' id='word_1_109' title='bbox 915 2142 1009 2223; x_wconf 85' lang='grc' dir='ltr'><strong><em>έτλης</em></strong></span> <span class='ocrx_word' id='word_1_110' title='bbox 1031 2137 1146 2230; x_wconf 76' lang='grc' dir='ltr'><strong><em>παρολν</em></strong></span> <span class='ocrx_word' id='word_1_111' title='bbox 1202 2141 1208 2156; x_wconf 59' lang='lat'>‘</span> 
     </span>
     <span class='ocr_line' id='line_1_19' title="bbox 366 2241 1017 2341; baseline 0.002 -29"><span class='ocrx_word' id='word_1_112' title='bbox 366 2241 512 2314; x_wconf 90' lang='grc' dir='ltr'><strong><em>θανόντι</em></strong></span> <span class='ocrx_word' id='word_1_113' title='bbox 534 2248 616 2332; x_wconf 77' lang='grc' dir='ltr'><strong><em>τῷδε</em></strong></span> <span class='ocrx_word' id='word_1_114' title='bbox 638 2248 702 2329; x_wconf 79' lang='grc' dir='ltr'><strong><em>ζῶν</em></strong></span> <span class='ocrx_word' id='word_1_115' title='bbox 724 2249 903 2341; x_wconf 73' lang='grc' dir='ltr'><strong><em>ἐφυβρίσαι</em></strong></span> <span class='ocrx_word' id='word_1_116' title='bbox 923 2252 1017 2334; x_wconf 75' lang='grc' dir='ltr'><strong><em>μέγα,</em></strong></span> 
     </span>
    </p>

    <p class='ocr_par' dir='ltr' id='par_1_7' title="bbox 220 2348 1259 2866">
     <span class='ocr_line' id='line_1_20' title="bbox 220 2348 1087 2443; baseline 0.002 -27"><span class='ocrx_word' id='word_1_117' title='bbox 220 2355 305 2418; x_wconf 86' lang='grc'><strong>1360</strong></span> <span class='ocrx_word' id='word_1_118' title='bbox 368 2352 412 2434; x_wconf 83' lang='grc' dir='ltr'><strong><em>ὡς</em></strong></span> <span class='ocrx_word' id='word_1_119' title='bbox 433 2351 451 2421; x_wconf 91' lang='grc' dir='ltr'>ὁ</span> <span class='ocrx_word' id='word_1_120' title='bbox 475 2349 661 2443; x_wconf 80' lang='grc' dir='ltr'><strong><em>στρατηγός</em></strong></span> <span class='ocrx_word' id='word_1_121' title='bbox 684 2350 946 2442; x_wconf 87' lang='grc' dir='ltr'><strong><em>ὁύπιβρόντητος</em></strong></span> <span class='ocrx_word' id='word_1_122' title='bbox 966 2348 1087 2440; x_wconf 74' lang='grc' dir='ltr'><strong><em>μολόν,</em></strong></span> 
     </span>
     <span class='ocr_line' id='line_1_21' title="bbox 366 2455 1020 2547; baseline 0.002 -22"><span class='ocrx_word' id='word_1_123' title='bbox 366 2455 467 2538; x_wconf 83' lang='grc' dir='ltr'><strong><em>αὐτός</em></strong></span> <span class='ocrx_word' id='word_1_124' title='bbox 489 2483 523 2526; x_wconf 92' lang='grc' dir='ltr'><strong><em>τε</em></strong></span> <span class='ocrx_word' id='word_1_125' title='bbox 542 2458 590 2547; x_wconf 84' lang='grc' dir='ltr'><em>χώ</em></span> <span class='ocrx_word' id='word_1_126' title='bbox 613 2455 780 2546; x_wconf 83' lang='grc' dir='ltr'><strong><em>ξύναιμος,</em></strong></span> <span class='ocrx_word' id='word_1_127' title='bbox 802 2456 1020 2542; x_wconf 82' lang='grc' dir='ltr'><strong><em>η’θελησάτην</em></strong></span> 
     </span>
     <span class='ocr_line' id='line_1_22' title="bbox 365 2559 1070 2656; baseline 0.003 -25"><span class='ocrx_word' id='word_1_128' title='bbox 365 2559 518 2651; x_wconf 79' lang='grc' dir='ltr'><strong><em>λωβητὸν</em></strong></span> <span class='ocrx_word' id='word_1_129' title='bbox 540 2560 643 2632; x_wconf 78' lang='grc' dir='ltr'><strong><em>αὐτὸν</em></strong></span> <span class='ocrx_word' id='word_1_130' title='bbox 666 2567 826 2650; x_wconf 79' lang='grc' dir='ltr'><strong><em>ἐκβαλεῖν,</em></strong></span> <span class='ocrx_word' id='word_1_131' title='bbox 848 2568 959 2656; x_wconf 78' lang='grc' dir='ltr'><strong><em>ταφῆς</em></strong></span> <span class='ocrx_word' id='word_1_132' title='bbox 981 2563 1070 2656; x_wconf 89' lang='grc' dir='ltr'><strong><em>άτερ.</em></strong></span> 
     </span>
     <span class='ocr_line' id='line_1_23' title="bbox 367 2666 1259 2765; baseline 0.001 -28"><span class='ocrx_word' id='word_1_133' title='bbox 367 2673 483 2756; x_wconf 84' lang='grc' dir='ltr'><strong><em>τοίχαρ</em></strong></span> <span class='ocrx_word' id='word_1_134' title='bbox 506 2668 566 2765; x_wconf 82' lang='grc' dir='ltr'><strong><em>σφ’</em></strong></span> <span class='ocrx_word' id='word_1_135' title='bbox 590 2669 751 2761; x_wconf 82' lang='grc' dir='ltr'><strong><em>Ὀλύμπου</em></strong></span> <span class='ocrx_word' id='word_1_136' title='bbox 772 2671 854 2738; x_wconf 86' lang='grc' dir='ltr'><strong><em>τοῦδ</em></strong></span> <span class='ocrx_word' id='word_1_137' title='bbox 860 2669 868 2692; x_wconf 90' lang='lat'><em>&#39;</em></span> <span class='ocrx_word' id='word_1_138' title='bbox 887 2669 906 2738; x_wconf 89' lang='grc' dir='ltr'>ὁ</span> <span class='ocrx_word' id='word_1_139' title='bbox 930 2667 1115 2759; x_wconf 86' lang='grc' dir='ltr'><strong><em>πρεςβεύυν</em></strong></span> <span class='ocrx_word' id='word_1_140' title='bbox 1136 2666 1259 2761; x_wconf 77' lang='grc' dir='ltr'><strong><em>πατὴρ,</em></strong></span> 
     </span>
     <span class='ocr_line' id='line_1_24' title="bbox 364 2769 1201 2866; baseline 0 -24"><span class='ocrx_word' id='word_1_141' title='bbox 364 2771 504 2862; x_wconf 85' lang='grc' dir='ltr'><strong><em>μνήμων</em></strong></span> <span class='ocrx_word' id='word_1_142' title='bbox 526 2773 556 2841; x_wconf 86' lang='grc' dir='ltr'><strong><em>τ’</em></strong></span> <span class='ocrx_word' id='word_1_143' title='bbox 580 2771 726 2862; x_wconf 85' lang='grc' dir='ltr'><strong><em>Ἐριννὺς</em></strong></span> <span class='ocrx_word' id='word_1_144' title='bbox 747 2778 804 2842; x_wconf 81' lang='grc' dir='ltr'><strong><em>καὶ</em></strong></span> <span class='ocrx_word' id='word_1_145' title='bbox 826 2775 1023 2866; x_wconf 91' lang='grc' dir='ltr'><strong><em>τελεςφόρος</em></strong></span> <span class='ocrx_word' id='word_1_146' title='bbox 1045 2777 1125 2856; x_wconf 88' lang='grc' dir='ltr'><strong><em>Δίκη</em></strong></span> <span class='ocrx_word' id='word_1_147' title='bbox 1196 2769 1201 2776; x_wconf 55' lang='grc'><strong>“</strong></span> 
     </span>
    </p>

    <p class='ocr_par' dir='ltr' id='par_1_8' title="bbox 218 2875 1168 3178">
     <span class='ocr_line' id='line_1_25' title="bbox 218 2875 1108 2970; baseline 0.007 -28"><span class='ocrx_word' id='word_1_148' title='bbox 218 2878 301 2943; x_wconf 89' lang='grc'><strong>1365</strong></span> <span class='ocrx_word' id='word_1_149' title='bbox 366 2877 488 2958; x_wconf 82' lang='grc' dir='ltr'><strong><em>κακούς</em></strong></span> <span class='ocrx_word' id='word_1_150' title='bbox 509 2882 616 2959; x_wconf 81' lang='grc' dir='ltr'><strong><em>κακῶς</em></strong></span> <span class='ocrx_word' id='word_1_151' title='bbox 639 2883 829 2970; x_wconf 90' lang='grc' dir='ltr'><strong><em>φθείρειαν,</em></strong></span> <span class='ocrx_word' id='word_1_152' title='bbox 852 2875 955 2970; x_wconf 83' lang='grc' dir='ltr'><strong><em>άςπερ</em></strong></span> <span class='ocrx_word' id='word_1_153' title='bbox 979 2877 1108 2962; x_wconf 78' lang='grc' dir='ltr'><strong><em>ἤθελον</em></strong></span> 
     </span>
     <span class='ocr_line' id='line_1_26' title="bbox 364 2979 1050 3071; baseline 0.001 -22"><span class='ocrx_word' id='word_1_154' title='bbox 364 2979 425 3050; x_wconf 84' lang='grc' dir='ltr'><strong><em>τόν</em></strong></span> <span class='ocrx_word' id='word_1_155' title='bbox 447 2979 554 3071; x_wconf 86' lang='grc' dir='ltr'><strong><em>άνδρα</em></strong></span> <span class='ocrx_word' id='word_1_156' title='bbox 577 2981 700 3069; x_wconf 81' lang='grc' dir='ltr'><strong><em>λώβαις</em></strong></span> <span class='ocrx_word' id='word_1_157' title='bbox 722 2985 875 3060; x_wconf 85' lang='grc' dir='ltr'><strong><em>ἐκβαλεῖν</em></strong></span> <span class='ocrx_word' id='word_1_158' title='bbox 897 2982 1050 3064; x_wconf 78' lang='grc' dir='ltr'><strong><em>ἀναξίως.</em></strong></span> 
     </span>
     <span class='ocr_line' id='line_1_27' title="bbox 365 3079 1168 3178; baseline 0.004 -25"><span class='ocrx_word' id='word_1_159' title='bbox 365 3090 401 3154; x_wconf 79' lang='grc' dir='ltr'><strong><em>σὲ</em></strong></span> <span class='ocrx_word' id='word_1_160' title='bbox 424 3090 445 3154; x_wconf 92' lang='grc' dir='ltr'><strong><em>δ</em></strong></span> <span class='ocrx_word' id='word_1_161' title='bbox 452 3086 472 3168; x_wconf 86' lang='lat'><strong><em>’‚</em></strong></span> <span class='ocrx_word' id='word_1_162' title='bbox 495 3079 522 3154; x_wconf 82' lang='grc' dir='ltr'><em>ὦ</em></span> <span class='ocrx_word' id='word_1_163' title='bbox 543 3089 679 3176; x_wconf 79' lang='grc' dir='ltr'><strong><em>χεραιοῦ</em></strong></span> <span class='ocrx_word' id='word_1_164' title='bbox 701 3094 832 3176; x_wconf 81' lang='grc' dir='ltr'><strong><em>σπέρμα</em></strong></span> <span class='ocrx_word' id='word_1_165' title='bbox 854 3091 1012 3178; x_wconf 83' lang='grc' dir='ltr'><strong><em>Λαέρτου</em></strong></span> <span class='ocrx_word' id='word_1_166' title='bbox 1033 3084 1168 3176; x_wconf 80' lang='grc' dir='ltr'><strong><em>πατρὸς,</em></strong></span> 
     </span>
    </p>

    <p class='ocr_par' dir='ltr' id='par_1_9' title="bbox 323 3186 1099 3387">
     <span class='ocr_line' id='line_1_28' title="bbox 323 3186 1070 3283; baseline 0.008 -28"><span class='ocrx_word' id='word_1_167' title='bbox 323 3274 325 3278; x_wconf 64' lang='lat'>,</span> <span class='ocrx_word' id='word_1_168' title='bbox 363 3186 476 3283; x_wconf 89' lang='grc' dir='ltr'><strong><em>τάφου</em></strong></span> <span class='ocrx_word' id='word_1_169' title='bbox 497 3196 557 3279; x_wconf 79' lang='grc' dir='ltr'><strong><em>μὲν</em></strong></span> <span class='ocrx_word' id='word_1_170' title='bbox 581 3191 785 3260; x_wconf 69' lang='grc' dir='ltr'><strong><em>ὀκνῶτοῦδ</em></strong></span> <span class='ocrx_word' id='word_1_171' title='bbox 805 3191 980 3282; x_wconf 77' lang='grc' dir='ltr'><strong><em>ἐπιψαύειν</em></strong></span> <span class='ocrx_word' id='word_1_172' title='bbox 1001 3195 1070 3280; x_wconf 80' lang='grc' dir='ltr'><strong><em>έρῖν,</em></strong></span> 
     </span>
     <span class='ocr_line' id='line_1_29' title="bbox 363 3291 1099 3387; baseline 0.003 -25"><span class='ocrx_word' id='word_1_173' title='bbox 363 3291 410 3378; x_wconf 78' lang='grc' dir='ltr'><strong><em>μὴ</em></strong></span> <span class='ocrx_word' id='word_1_174' title='bbox 433 3298 480 3380; x_wconf 78' lang='grc' dir='ltr'><strong><em>τῷ</em></strong></span> <span class='ocrx_word' id='word_1_175' title='bbox 503 3293 649 3363; x_wconf 87' lang='grc' dir='ltr'><strong><em>θανόντι</em></strong></span> <span class='ocrx_word' id='word_1_176' title='bbox 671 3299 769 3364; x_wconf 84' lang='grc' dir='ltr'><strong><em>τοῦτο</em></strong></span> <span class='ocrx_word' id='word_1_177' title='bbox 793 3299 940 3387; x_wconf 84' lang='grc' dir='ltr'><strong><em>δοςχερὲς</em></strong></span> <span class='ocrx_word' id='word_1_178' title='bbox 958 3300 1068 3365; x_wconf 64' lang='grc' dir='ltr'><strong><em>’ποιεῖ’</em></strong></span> <span class='ocrx_word' id='word_1_179' title='bbox 1097 3308 1099 3313; x_wconf 76' lang='grc'>’</span> 
     </span>
    </p>

    <p class='ocr_par' dir='ltr' id='par_1_10' title="bbox 217 3393 1211 3800">
     <span class='ocr_line' id='line_1_30' title="bbox 217 3393 1211 3491; baseline 0.01 -33"><span class='ocrx_word' id='word_1_180' title='bbox 217 3395 302 3460; x_wconf 82' lang='grc'><strong>1370</strong></span> <span class='ocrx_word' id='word_1_181' title='bbox 364 3393 407 3462; x_wconf 84' lang='grc' dir='ltr'><strong><em>τά</em></strong></span> <span class='ocrx_word' id='word_1_182' title='bbox 430 3396 465 3464; x_wconf 88' lang='grc' dir='ltr'><strong><em>δ’</em></strong></span> <span class='ocrx_word' id='word_1_183' title='bbox 484 3393 571 3466; x_wconf 90' lang='grc' dir='ltr'><strong><em>άλλα</em></strong></span> <span class='ocrx_word' id='word_1_184' title='bbox 594 3405 650 3467; x_wconf 86' lang='grc' dir='ltr'><strong><em>καὶ</em></strong></span> <span class='ocrx_word' id='word_1_185' title='bbox 673 3397 873 3491; x_wconf 82' lang='grc' dir='ltr'><strong><em>ξύμπρασσε,</em></strong></span> <span class='ocrx_word' id='word_1_186' title='bbox 896 3401 946 3468; x_wconf 87' lang='grc' dir='ltr'><strong><em>κεί</em></strong></span> <span class='ocrx_word' id='word_1_187' title='bbox 965 3426 1040 3470; x_wconf 88' lang='grc' dir='ltr'><strong><em>τινα</em></strong></span> <span class='ocrx_word' id='word_1_188' title='bbox 1064 3405 1211 3491; x_wconf 85' lang='grc' dir='ltr'><strong><em>στρατοῦ</em></strong></span> 
     </span>
     <span class='ocr_line' id='line_1_31' title="bbox 362 3502 1042 3593; baseline 0.012 -27"><span class='ocrx_word' id='word_1_189' title='bbox 362 3502 476 3580; x_wconf 88' lang='grc' dir='ltr'><strong><em>θέλεις</em></strong></span> <span class='ocrx_word' id='word_1_190' title='bbox 496 3504 650 3590; x_wconf 87' lang='grc' dir='ltr'><strong><em>κομίζειν,</em></strong></span> <span class='ocrx_word' id='word_1_191' title='bbox 674 3502 770 3572; x_wconf 82' lang='grc' dir='ltr'><strong><em>οὐδὲν</em></strong></span> <span class='ocrx_word' id='word_1_192' title='bbox 793 3503 896 3591; x_wconf 81' lang='grc' dir='ltr'><strong><em>άλχος</em></strong></span> <span class='ocrx_word' id='word_1_193' title='bbox 919 3506 1042 3593; x_wconf 85' lang='grc' dir='ltr'><strong><em>έξομεν.</em></strong></span> 
     </span>
     <span class='ocr_line' id='line_1_32' title="bbox 363 3601 1061 3701; baseline 0.007 -29"><span class='ocrx_word' id='word_1_194' title='bbox 363 3601 425 3690; x_wconf 79' lang='grc' dir='ltr'><strong><em>έχδ</em></strong></span> <span class='ocrx_word' id='word_1_195' title='bbox 449 3609 483 3674; x_wconf 82' lang='grc' dir='ltr'><strong><em>δὲ</em></strong></span> <span class='ocrx_word' id='word_1_196' title='bbox 505 3602 613 3675; x_wconf 90' lang='grc' dir='ltr'><strong><em>τάλλα</em></strong></span> <span class='ocrx_word' id='word_1_197' title='bbox 634 3605 748 3676; x_wconf 90' lang='grc' dir='ltr'><strong><em>πάντα</em></strong></span> <span class='ocrx_word' id='word_1_198' title='bbox 769 3613 937 3701; x_wconf 68' lang='grc' dir='ltr'><strong><em>πορσυνά</em></strong></span> <span class='ocrx_word' id='word_1_199' title='bbox 961 3607 1003 3679; x_wconf 85' lang='grc' dir='ltr'><strong><em>σύ</em></strong></span> <span class='ocrx_word' id='word_1_200' title='bbox 1026 3613 1061 3678; x_wconf 80' lang='grc' dir='ltr'><strong><em>δὲ</em></strong></span> 
     </span>
     <span class='ocr_line' id='line_1_33' title="bbox 363 3707 1076 3800; baseline 0.01 -24"><span class='ocrx_word' id='word_1_201' title='bbox 363 3707 448 3800; x_wconf 75' lang='grc' dir='ltr'><strong><em>ἀνήρ</em></strong></span> <span class='ocrx_word' id='word_1_202' title='bbox 471 3710 557 3781; x_wconf 80' lang='grc' dir='ltr'><strong><em>καθ’</em></strong></span> <span class='ocrx_word' id='word_1_203' title='bbox 577 3711 666 3800; x_wconf 77' lang='grc' dir='ltr'><strong><em>ἡμᾶς</em></strong></span> <span class='ocrx_word' id='word_1_204' title='bbox 688 3712 815 3792; x_wconf 82' lang='grc' dir='ltr'><strong><em>ἐσθλός</em></strong></span> <span class='ocrx_word' id='word_1_205' title='bbox 837 3708 883 3781; x_wconf 69' lang='grc' dir='ltr'><strong><em>σίν</em></strong></span> <span class='ocrx_word' id='word_1_206' title='bbox 906 3716 1076 3783; x_wconf 78' lang='grc' dir='ltr'><strong><em>ἐπίστασο.</em></strong></span> 
     </span>
    </p>

    <p class='ocr_par' dir='ltr' id='par_1_11' title="bbox 670 3838 917 3892">
     <span class='ocr_line' id='line_1_34' title="bbox 670 3838 917 3892; baseline 0.012 -4"><span class='ocrx_word' id='word_1_207' title='bbox 670 3838 721 3888; x_wconf 88' lang='grc' dir='ltr'><strong><em>ΟΔ</em></strong></span> <span class='ocrx_word' id='word_1_208' title='bbox 730 3838 847 3890; x_wconf 73' lang='grc' dir='ltr'><em>ῬΣΣΕ</em></span> <span class='ocrx_word' id='word_1_209' title='bbox 855 3841 917 3892; x_wconf 61' lang='lat' dir='ltr'><strong><em>Pl.</em></strong></span> 
     </span>
    </p>
   </div>
   <div class='ocr_carea' id='block_1_3' title="bbox 214 3911 1178 4422">
    <p class='ocr_par' dir='ltr' id='par_1_12' title="bbox 214 3911 1178 4422">
     <span class='ocr_line' id='line_1_35' title="bbox 366 3911 1158 4014; baseline 0.01 -34"><span class='ocrx_word' id='word_1_210' title='bbox 366 3913 447 3982; x_wconf 83' lang='grc' dir='ltr'><strong><em>Ἀλλ’</em></strong></span> <span class='ocrx_word' id='word_1_211' title='bbox 467 3911 595 3998; x_wconf 79' lang='grc' dir='ltr'><strong><em>ἤθελον</em></strong></span> <span class='ocrx_word' id='word_1_212' title='bbox 616 3924 693 4004; x_wconf 90' lang='grc' dir='ltr'><strong><em>μέν·</em></strong></span> <span class='ocrx_word' id='word_1_213' title='bbox 718 3926 743 3986; x_wconf 87' lang='grc' dir='ltr'><strong><em>εί</em></strong></span> <span class='ocrx_word' id='word_1_214' title='bbox 767 3923 801 3987; x_wconf 82' lang='grc' dir='ltr'><strong><em>δὲ</em></strong></span> <span class='ocrx_word' id='word_1_215' title='bbox 823 3917 870 4004; x_wconf 84' lang='grc' dir='ltr'><strong><em>μή</em></strong></span> <span class='ocrx_word' id='word_1_216' title='bbox 898 3921 957 3988; x_wconf 90' lang='grc' dir='ltr'><strong><em>’στί</em></strong></span> <span class='ocrx_word' id='word_1_217' title='bbox 979 3942 1032 3988; x_wconf 92' lang='grc' dir='ltr'><strong><em>σοι</em></strong></span> <span class='ocrx_word' id='word_1_218' title='bbox 1056 3923 1158 4014; x_wconf 90' lang='grc' dir='ltr'><strong><em>φίλον</em></strong></span> 
     </span>
     <span class='ocr_line' id='line_1_36' title="bbox 214 4015 1178 4109; baseline 0.011 -28"><span class='ocrx_word' id='word_1_219' title='bbox 214 4017 297 4082; x_wconf 80' lang='grc'><strong>1375</strong></span> <span class='ocrx_word' id='word_1_220' title='bbox 361 4015 523 4107; x_wconf 79' lang='grc' dir='ltr'><strong><em>πράσσειν</em></strong></span> <span class='ocrx_word' id='word_1_221' title='bbox 544 4019 624 4088; x_wconf 83' lang='grc' dir='ltr'><strong><em>τάδ’</em></strong></span> <span class='ocrx_word' id='word_1_222' title='bbox 644 4021 744 4108; x_wconf 80' lang='grc' dir='ltr'><strong><em>ἡμᾶς,</em></strong></span> <span class='ocrx_word' id='word_1_223' title='bbox 765 4023 826 4109; x_wconf 78' lang='grc' dir='ltr'><strong><em>εἶμ’</em></strong></span> <span class='ocrx_word' id='word_1_224' title='bbox 847 4031 1022 4104; x_wconf 74' lang='grc' dir='ltr'><strong><em>ἐπαινέσας</em></strong></span> <span class='ocrx_word' id='word_1_225' title='bbox 1044 4021 1083 4092; x_wconf 85' lang='grc' dir='ltr'><strong><em>τό</em></strong></span> <span class='ocrx_word' id='word_1_226' title='bbox 1107 4022 1178 4093; x_wconf 93' lang='grc' dir='ltr'><strong><em>σόν.</em></strong></span> 
     </span>
     <span class='ocr_line' id='line_1_37' title="bbox 690 4149 897 4203; baseline 0.019 -4"><span class='ocrx_word' id='word_1_227' title='bbox 690 4151 743 4201; x_wconf 78' lang='grc' dir='ltr'><strong><em>ΤΕ</em></strong></span> <span class='ocrx_word' id='word_1_228' title='bbox 752 4149 897 4203; x_wconf 68' lang='grc' dir='ltr'><em>ῬΚΡΟΣ.</em></span> 
     </span>
     <span class='ocr_line' id='line_1_38' title="bbox 410 4222 1004 4318; baseline 0.01 -26"><span class='ocrx_word' id='word_1_229' title='bbox 410 4222 511 4304; x_wconf 80' lang='grc' dir='ltr'><strong><em>Ἅλις·</em></strong></span> <span class='ocrx_word' id='word_1_230' title='bbox 535 4222 599 4309; x_wconf 76' lang='grc' dir='ltr'><strong><em>ἤδη</em></strong></span> <span class='ocrx_word' id='word_1_231' title='bbox 622 4225 686 4318; x_wconf 82' lang='grc' dir='ltr'><strong><em>γάρ</em></strong></span> <span class='ocrx_word' id='word_1_232' title='bbox 709 4227 812 4310; x_wconf 80' lang='grc' dir='ltr'><strong><em>πολύς</em></strong></span> <span class='ocrx_word' id='word_1_233' title='bbox 835 4238 1004 4300; x_wconf 76' lang='grc' dir='ltr'><strong><em>ἐκτέταται</em></strong></span> 
     </span>
     <span class='ocr_line' id='line_1_39' title="bbox 409 4327 1084 4422; baseline 0.016 -27"><span class='ocrx_word' id='word_1_234' title='bbox 409 4327 548 4420; x_wconf 86' lang='grc' dir='ltr'><strong><em>χρόνος·</em></strong></span> <span class='ocrx_word' id='word_1_235' title='bbox 571 4331 646 4401; x_wconf 80' lang='grc' dir='ltr'><strong><em>ἀλλ’</em></strong></span> <span class='ocrx_word' id='word_1_236' title='bbox 666 4340 698 4402; x_wconf 89' lang='grc' dir='ltr'><strong><em>οὶ</em></strong></span> <span class='ocrx_word' id='word_1_237' title='bbox 720 4340 780 4422; x_wconf 81' lang='grc' dir='ltr'><strong><em>μὲν</em></strong></span> <span class='ocrx_word' id='word_1_238' title='bbox 802 4340 918 4420; x_wconf 90' lang='grc' dir='ltr'><strong><em>κοίλην</em></strong></span> <span class='ocrx_word' id='word_1_239' title='bbox 939 4335 1084 4407; x_wconf 85' lang='grc' dir='ltr'><strong><em>κάπετον</em></strong></span> 
     </span>
    </p>
   </div>
   <div class='ocr_carea' id='block_1_4' title="bbox 0 0 1430 4956">
    <p class='ocr_par' dir='ltr' id='par_1_13' title="bbox 0 0 1430 4956">
     <span class='ocr_line' id='line_1_40' title="bbox 0 0 1430 4956; baseline 0 2"><span class='ocrx_word' id='word_1_240' title='bbox 0 0 1430 4956; x_wconf 95' lang='lat' dir='ltr'><strong><em> </em></strong></span> 
     </span>
    </p>
   </div>
  </div>
 </body>
</html>
