2850 4958
100 328 102 331 ·
211 304 262 360 158
651 300 926 356 COMMENTARIUS

208 460 254 525 ita
279 457 407 543 loquuti
435 464 526 523 sunt:
556 454 756 541 κυβερνήτης
785 457 898 534 ἐνδοὺς
926 459 973 538 τῷ
1002 454 1113 539 ἀνέμῳ
1139 479 1170 520 v.
1200 454 1278 521 Bos.
1301 455 1361 520 llll.

207 572 240 634 p.
266 549 339 613 389.
356 552 548 636 tuumque
578 543 697 628 ἀήεαις
726 544 868 631 Oppian.
898 543 973 612 Hal.
1003 545 1029 609 I.
1062 545 1136 608 350.
1171 546 1254 619 ναῦς
1283 569 1362 609 παν-

207 640 308 711 τοίοις
343 633 476 718 ἀνέμοις
510 631 694 699 ἀιιλιάοασα
729 634 854 699 Himer.
890 632 986 700 XIV.
1020 636 1055 710 9,
1081 634 1155 697 622.
1170 633 1197 717 ¹)
1233 631 1363 698 Praeter

208 724 288 789 haec
317 721 398 806 quid
427 745 556 807 quoque
584 723 658 788 loco
688 723 826 809 intelligi
855 721 987 804 debeat,
1018 744 1059 786 ex
1086 743 1143 802 e0,
1174 720 1265 805 quod
1294 744 1363 786 cum

208 813 346 878 maxime
370 811 493 898 agitur,
528 811 638 899 colligi
660 820 778 897 potest,
801 820 839 875 ut
861 833 912 896 ap.
936 810 1074 874 Aristot.
1097 809 1239 874 Meteor.
1263 809 1291 873 Ι.
1316 811 1362 875 13.

208 925 240 987 p.
257 902 333 982 350,
360 901 409 965 13.
435 898 540 976 οὐδεὶς
563 901 692 966 πώποτε
715 904 848 975 καθιεὶς
878 900 927 983 (in
949 899 1107 982 Pontum)
1138 896 1290 978 ἐδυνήθη
1312 904 1363 964 ντέ-

209 1015 270 1077 ρας
293 990 409 1071 εὑρεῖν,
432 1010 484 1053 res
507 988 580 1074 ipsa
603 989 797 1074 catapiratae
820 989 986 1053 notionem
1009 986 1157 1073 subjicit3
1181 986 1271 1073 apud
1294 987 1364 1051 Ari·

209 1077 403 1163 stophanem
425 1075 531 1142 Rann.
558 1078 631 1144 133.
655 1078 711 1161 qui
735 1074 819 1142 εἶναι
842 1077 992 1159 clamant,
1016 1076 1119 1141 facem
1143 1074 1183 1140 de
1206 1075 1292 1140 turri
1314 1075 1364 1142 de

208 1166 293 1232 mitti
318 1166 436 1251 jubent
447 1166 475 1250 ²)
506 1165 684 1251 eodemque
713 1165 811 1231 modo
835 1163 973 1248 ἀνιέναι,
996 1167 1163 1246 ἐνδοῦναι,
1183 1167 1297 1248 χαλᾴν
1320 1173 1364 1230 est

209 1253 405 1334 concedere,
433 1253 522 1338 quod
549 1277 636 1319 nunc
664 1255 775 1340 ipsum
798 1253 936 1339 petitur,
964 1252 1052 1338 quod
1075 1253 1170 1337 quale
1193 1253 1248 1335 sit,
1271 1275 1364 1318 exre

209 1344 282 1428 ipsa
309 1342 500 1429 intelligitur
523 1342 582 1408 sed
605 1365 761 1428 persaepe
784 1342 874 1407 nullo
896 1343 1028 1428 proprio
1050 1343 1180 1407 nomine
1204 1341 1364 1428 designari

209 1439 328 1518 potest.
379 1430 550 1499 Hactenus
580 1431 620 1496 de
647 1432 820 1496 verborum
849 1453 911 1496 usu
939 1430 1074 1517 proprio
1101 1430 1257 1514 loquutus
1282 1453 1363 1510 sum3

93 1572 95 1574 ,
210 1542 292 1605 quae
315 1520 343 1586 si
365 1520 428 1586 alio
450 1521 699 1601 transferuntur,
724 1519 918 1585 obscuratur
939 1519 1007 1584 fere
1031 1520 1206 1604 objectum,
1225 1528 1280 1600 et,
1304 1541 1388 1604 quo,

209 1609 356 1696 longius,
387 1608 454 1674 vhoc
489 1610 603 1696 magis·
662 1609 792 1674 Etenim
819 1608 851 1672 in
880 1608 971 1673 hisce
1000 1608 1080 1672 locis
1111 1613 1240 1672 ἐίέναι
1270 1605 1364 1691 οάρίρι

209 1698 293 1764 Plat.
323 1698 454 1784 Protag.
484 1721 516 1784 p.
540 1699 615 1764 338.
645 1698 687 1763 A.
722 1701 768 1780 τῷ
799 1704 934 1783 φέροντι
960 1695 1096 1761 Aristid.
1127 1634 1184 1762 Dr.
1214 1694 1302 1760 Plat.
1324 1696 1364 1762 II.

210 1788 284 1852 208.
309 1792 487 1877 ἐπιτρέψας
510 1791 555 1867 τῷ
577 1785 740 1862 πνεύματι
762 1785 901 1872 Dionys.
925 1785 987 1871 Ep.
1013 1785 1055 1850 ad
1077 1785 1194 1870 Pomp.
1212 1783 1272 1849 VI.
1294 1786 1363 1850 786.

154 1879 255 1958 191τῴ
284 1872 421 1959 ῥεύματι
443 1871 559 1960 Synes.
590 1874 630 1940 de
653 1874 751 1939 Prov.
779 1897 812 1959 p.
830 1877 882 1939 95.
906 1871 944 1938 O.
974 1874 1154 1951 nomeuin
1177 1873 1288 1938 dativo
1312 1897 1365 1959 ap·

209 1963 352 2050 positum
380 1963 586 2028 manifestum
614 1964 708 2045 facit,
740 1961 829 2047 quid,
857 1963 884 2028 si
906 1962 962 2026 illa
984 1962 1115 2048 proprie
1138 1962 1228 2027 dicta
1249 1969 1364 2043 essent,

209 2051 348 2138 intelligi
375 2050 523 2130 deberet;
554 2051 613 2117 sed
634 2052 668 2116 id
691 2053 757 2118 fere
779 2058 885 2116 toturn
908 2052 1073 2116 evanescit
1095 2050 1272 2116 substituto
1295 2050 1365 2132 alio,

211 2139 299 2224 quod
333 2138 376 2203 ad
408 2139 549 2204 animum
578 2141 733 2223 refertur,
765 2139 941 2216 vocabulo,
976 2148 1013 2204 ut
1042 2145 1169 2226 ὲιμεῖναι
1199 2141 1237 2227 τῇ
1270 2137 1367 2228 ἡδονῇ

210 2227 294 2293 Plat.
325 2227 409 2292 Tim.
437 2251 471 2313 p.
493 2230 545 2293 59.
569 2229 613 2293 Ι).
642 2229 720 2295 Eur.
752 2225 836 2296 Oen.
859 2229 914 2293 Fr.
938 2227 1001 2292 IX.
1026 2229 1100 2293 459.
1129 2229 1169 2318 τῇ
1191 2230 1367 2312 προθυμία

210 2316 368 2383 Themist.
399 2313 457 2382 Or.
481 2315 523 2382 V.
549 2319 601 2381 65.
631 2321 669 2403 τῇ
698 2317 778 2404 ὁρμῇ
806 2317 945 2403 Dionys
976 2317 1068 2382 Ante.
1092 2315 1152 2382 VI.
1183 2335 1212 2380 c'.
1237 2318 1291 2380 76.
1323 2317 1367 2397 τῷ

210 2408 325 2489 γέλωτι
351 2403 436 2469 Plat.
460 2403 544 2491 Rep.
568 2405 630 2473 ΙΠ.
654 2407 728 2485 388.
752 2408 792 2474 Ε.
821 2418 894 2482 ταῖς
922 2406 1070 2481 παιδιαῖς
1094 2402 1230 2470 Cornut.
1255 2403 1301 2469 N.
1324 2403 1366 2468 D.

211 2516 239 2558 c.
269 2493 389 2559 XXX.
419 2495 493 2559 215.
524 2492 580 2559 ubi
609 2518 780 2581 perperam
815 2493 949 2580 ἀφιέναι
978 2494 1163 2581 vulgatum,
1190 2495 1236 2575 τῷ
1265 2494 1366 2581 καιρῷ

209 2581 362 2648 Philostr.
385 2582 428 2648 V.
452 2580 553 2668 Soph.
578 2583 725 2649 Prooem.
749 2608 783 2670 p.
800 2585 875 2649 482.
900 2591 932 2648 et
953 2581 993 2647 L.
1016 2583 1044 2648 I.
1069 2584 1122 2665 24,
1147 2583 1220 2646 529.
1246 2587 1368 2664 ἐπιτρέ-

84 2750 86 2754 .
209 2695 281 2737 ιιειν
312 2671 393 2762 ὀργῇ
419 2671 558 2758 Dionys.
589 2673 681 2740 Antt.
705 2673 782 2741 Vll.
813 2674 864 2737 60.
896 2673 1002 2763 τροφῇ
1030 2673 1147 2736 δοῦναι
1179 2677 1213 2736 et
1241 2669 1367 2751 similia,

210 2782 292 2846 quae
322 2757 473 2826 Olearius
504 2759 544 2825 ad
572 2760 726 2827 Philostr.
751 2761 792 2827 V.
823 2761 890 2847 Ap.
920 2759 946 2824 I.
977 2763 1007 2824 7.
1036 2767 1103 2824 not.
1132 2762 1162 2825 9.
1190 2757 1367 2846 Berglerus

209 2849 252 2914 ad
281 2849 428 2936 Alciphr.
451 2849 510 2915 ΠΙ.
535 2852 588 2914 47.
635 2849 873 2914 Valckenarius
896 2847 938 2912 ad
959 2848 1105 2913 Phoenn.
1129 2873 1159 2915 v.
1177 2850 1229 2914 21.
1256 2856 1368 2913 contu·

209 2938 326 3004 lerunt.
382 2937 552 3024 Ejusmodi
585 2939 685 3026 igitur
711 2938 745 3003 in
773 2938 855 3003 loeis
884 2936 963 3021 quid
992 2938 1126 3021 quisque
1156 2935 1368 3002 scribentium

210 3027 406 3114 cogitatione
423 3026 714 3113 comprehenderit,
738 3049 892 3111 quaerere
910 3048 1194 3111 supervacaneum,
1216 3026 1369 3109 quoniam

209 3114 273 3180 ista
301 3137 321 3178 a
347 3115 459 3180 nativo
488 3115 557 3181 solo
585 3116 619 3180 iu
647 3116 786 3181 alienum
814 3113 964 3180 traducta
992 3123 1083 3194 sunt3
1114 3113 1172 3180 sed
1217 3123 1369 3200 ropterea

209 3201 306 3288 hujus
342 3203 389 3268 rei
424 3205 646 3286 quaestionem
674 3227 741 3269 non
770 3203 981 3270 omittendam
1011 3226 1081 3269 esse
1110 3203 1162 3268 vel
1190 3137 1369 3288 dophoclei

209 3289 275 3355 loci
297 3291 490 3378 ambiguitas
512 3303 704 3380 argumento
729 3301 787 3359 est.
833 3292 1006 3376 Equidem,
1029 3315 1130 3377 quum
1154 3301 1370 3378 cognatorum

209 3378 443 3444 vocabulorum
472 3384 533 3446 celi
560 3386 706 3465 frenique
729 3382 937 3448 omissionem
966 3389 1033 3446 tarn
1062 3381 1172 3445 tritam
1194 3381 1296 3446 fuisse
1319 3403 1368 3444 re·

209 3468 348 3554 petiam,
379 3469 504 3535 animus
527 3471 560 3535 in
582 3471 667 3536 hanc
689 3471 824 3536 inclinat
849 3470 1059 3551 sententiam,
1089 3468 1290 3556 Sophoclem
1317 3469 1367 3534 his

209 3556 316 3622 verbis
350 3559 406 3622 vai
433 3563 589 3642 μεθεῖναι
616 3559 703 3625 idem
732 3559 933 3647 significasse
961 3557 1049 3643 quod
1076 3558 1254 3646 Virgilium
1283 3558 1366 3624 Aen.

285 3788 307 3854 ¹)
325 3794 396 3844 Idem
408 3794 461 3845 Ecl.
474 3794 546 3845 XIV.
560 3795 584 3856 5,
604 3793 664 3845 244.
683 3787 780 3848 κύκνοι
791 3788 905 3863 Ζεφύρῳ
924 3785 994 3863 πρὸς
1011 3784 1088 3858 ᾠδὴν
1105 3786 1243 3844 ἐκδιδόναι
1264 3787 1369 3859 μέλλειν

209 3855 260 3918 coir
277 3865 412 3935 πτέρυγας
430 3881 478 3916 scr.
498 3859 644 3917 ἐνδιδόναι.

282 3950 306 4015 ⁹)
325 3953 355 4004 In
373 3953 598 4018 lampadodromiis
617 3954 702 4004 facem
721 3954 860 4015 ardentem,
882 3955 983 4018 signum
996 3955 1133 4018 incipiendi
1146 3969 1244 4015 cursus,
1264 3954 1296 4002 de
1308 3952 1369 4004 turri

209 4025 335 4091 dejectam
354 4040 410 4075 esse
430 4040 462 4074 ex
479 4032 572 4090 poetae
589 4025 672 4075 verbis
691 4024 757 4075 clare
776 4035 895 4091 apparet3
916 4041 994 4090 quum
1011 4040 1071 4075 vero
1089 4027 1116 4088 ii,
1135 4025 1179 4089 qui
1195 4026 1221 4074 in
1234 4026 1298 4074 turri
1310 4040 1369 4075 con·

133 4144 135 4149 ,
209 4099 332 4149 sistebant
355 4097 456 4147 taedam
480 4097 627 4159 demissuri,
650 4112 696 4160 per
718 4098 836 4148 tenebras
858 4099 944 4147 videre
962 4113 1015 4148 non
1032 4103 1150 4160 possent,
1171 4112 1233 4146 num
1253 4110 1369 4146 cursores

208 4171 241 4220 ad
260 4170 444 4235 capessendum
463 4176 591 4219 certamen
608 4169 691 4232 parati
710 4176 796 4218 essent
813 4176 839 4219 et
856 4169 1000 4232 compositi,
1019 4169 1184 4218 attendebant
1205 4183 1297 4218 rocam
1314 4182 1370 4234 spe·

209 4248 347 4304 ctatorum,
374 4241 416 4304 qui
435 4241 552 4291 omnibus
573 4240 697 4304 expeditis
716 4234 841 4306 ἔφασκον
853 4235 925 4288 εἶναι
935 4240 1058 4305 jubebant
1076 4239 1212 4304 lampadem
1229 4240 1297 4290 mita
1302 4257 1309 4302 3
1333 4246 1370 4290 at·

209 4327 259 4375 qne
283 4315 333 4363 hoc
355 4313 412 4378 ipso
436 4313 557 4377 temporis
580 4319 711 4362 momento
736 4311 858 4362 Hercules
876 4313 978 4361 Baccho
1001 4319 1030 4362 nt
1053 4326 1080 4362 sc
1103 4313 1263 4377 praecipitet,
1282 4320 1371 4362 auctor

206 4390 256 4447 cst,
274 4399 327 4434 non
344 4392 372 4435 ut
388 4392 487 4450 postea,
507 4383 722 4448 quemadmodum
739 4383 887 4434 Dindorfius
906 4383 1003 4434 statuit.
