2858 4964
451 335 498 391 AD
518 336 614 393 SOPH.
633 333 678 392 Al.
714 335 747 394 V.
764 337 822 392 108.
1182 339 1216 395 95

54 499 109 564 De
144 495 251 584 primo
284 494 385 584 igitur
412 503 447 561 et
474 495 618 564 secundo
647 518 766 583 genere
793 495 878 561 inter
906 519 1018 565 omnes
1050 499 1215 576 convenit3

55 611 132 652 nam
157 589 364 675 ,δρακονιίων
395 580 524 652 ὑδάτων
546 587 673 672 Eunap.
698 585 807 652 Exco.
822 585 953 673 Legatt.
977 612 1011 675 p.
1028 588 1103 652 480.
1133 587 1217 652 etsi

56 676 137 761 quid
160 674 250 742 aliud
273 699 292 741 a
313 675 453 742 librariis
476 676 510 741 in
533 677 596 743 hoc
619 699 737 763 genere
761 684 932 763 peccatum
948 686 1008 760 est,
1033 677 1164 742 omnino
1182 677 1216 742 in

57 767 336 852 computationem
364 789 431 831 non
459 765 563 848 venit,
592 765 822 852 superantibus
850 767 1018 833 contrariis
1042 766 1215 852 exemplis:

55 854 242 938 yryoivrarov
265 857 428 941 μέγεθος,
456 851 620 932 αἰάντιιος
642 858 752 938 γέλως,
775 851 957 940 κρεόντιιος
979 851 1108 943 θρόνος
1131 853 1216 921 Oed.

56 944 96 1012 Τ.
113 946 190 1010 400.
215 940 365 1010 Clemens
389 940 508 1009 Strom.
532 943 592 1012 IV.
618 945 692 1010 585.
717 943 913 1020 ἀτλάντιιος
936 941 1037 1020 πόλος
1059 944 1138 1009 Eur.
1162 943 1217 1009 Pi-

56 1034 133 1100 rith.
155 1033 212 1099 Fr.
235 1032 297 1099 ΠΙ.
325 1034 354 1098 5.
384 1031 592 1118 όιχερόντειον
615 1028 779 1112 σπήλαιον
802 1031 913 1100 Schol.
937 1033 1048 1119 Apoll.
1072 1033 1116 1098 II.
1142 1034 1216 1099 734.

57 1122 253 1214 ἀχεροντεία
276 1125 357 1199 ναῦς
381 1119 506 1188 Gallim.
531 1122 628 1209 Frag.
654 1119 729 1188 CX.
754 1145 940 1207 quanquam
961 1122 1013 1188 his
1036 1123 1116 1209 ipsis
1140 1144 1217 1209 poe-

56 1223 109 1277 tae
138 1210 285 1278 vocalem
315 1210 456 1278 debitam
486 1210 655 1277 detrahere
684 1213 821 1278 liberum
850 1212 980 1278 habent.
1032 1210 1217 1299 Stephanus

56 1302 204 1389 Ἀχέρων,
229 1298 436 1389 άχερούσιος·
460 1304 587 1383 λέγεται
610 1305 665 1367 καὶ
688 1300 893 1389 άχερόντειος
917 1297 936 1366 6
960 1298 1014 1366 διά
1037 1297 1074 1366 τό
1099 1308 1218 1384 μέτρον

55 1386 299 1480 Ἀριστοφάνης
330 1390 426 1475 (qu.
450 1392 541 1474 471.)
571 1393 634 1477 ἔφη
662 1388 869 1475 ἀχερόντιος,
898 1390 997 1475 idque
1020 1390 1122 1456 Anth.
1147 1390 1216 1455 Pal.

56 1478 100 1544 V.
129 1504 162 1546 n.
187 1480 262 1545 236.
293 1488 325 1545 et
359 1480 487 1565 saepius
517 1479 605 1566 apud
634 1480 825 1566 Euripidem
855 1480 992 1567 legitur,
1025 1489 1063 1544 ut
1098 1482 1218 1561 λαομε-

30 1624 33 1628 ,
58 1571 175 1634 δοντία
205 1567 377 1653 άμπλακία
396 1567 496 1634 Pind.
519 1568 633 1636 Isthm.
658 1569 718 1634 VI.
749 1572 804 1635 42..
838 1592 943 1654 neque
966 1577 1075 1634 tamen
1097 1568 1218 1634 iccirco

58 1654 229 1734 concinnior
251 1654 321 1736 νὶός
343 1658 449 1724 minus
471 1656 665 1744 παράλογον
688 1658 826 1724 habetur
848 1682 945 1743 quam
969 1655 1117 1735 αλπότιος
1139 1655 1218 1740 τύμ-

58 1748 119 1830 βος
148 1771 179 1812 v.
202 1744 315 1833 Steph.
347 1770 373 1814 s.
395 1743 565 1833 Ἄβαντες,
591 1748 743 1840 Eustath.
767 1748 809 1815 ad
831 1748 930 1813 Dion.
956 1748 1029 1813 803.
1054 1747 1096 1813 ad
1118 1746 1217 1811 Hom.

58 1859 89 1922 p.
114 1837 197 1919 989,
228 1839 278 1902 10.
337 1834 404 1904 Sed
439 1837 528 1922 quod
556 1835 719 1915 Λεόντιος
748 1838 901 1904 scribitur
930 1837 1013 1902 Plat.
1044 1837 1128 1923 Rep.
1158 1834 1219 1901 IV.
1233 1851 1276 1897 115

59 1927 134 1992 440.
166 1925 204 1990 Ε.
235 1927 268 1989 Γ
265 1922 420 2012 ερόντιος,
444 1923 660 2012 Δρακόντιος,
688 1928 716 1993 is
746 1937 796 1994 est
818 1928 981 2015 legitimus
1012 1925 1220 2013 andronymi-

61 2037 173 2080 corum
207 2014 327 2098 flexus,
358 2038 455 2100 quern
484 2025 663 2100 sequuntur
692 2014 875 2099 Λεόντιον,
910 2013 1123 2099 δρακόντιον,
1156 2016 1221 2080 hoe

60 2103 181 2170 herbae
187 2105 216 2190 ¹)
228 2103 310 2170 illud
324 2105 467 2172 mulieris
484 2127 613 2188 nomen,
629 2116 662 2172 et
674 2106 840 2194 gentilicia
851 2103 1046 2188 Βυζάντιος,
1058 2104 1220 2187 Ὑάντιος,

60 2191 287 2271 Ἀθαμάντιος
302 2219 332 2260 v.
345 2191 458 2281 Steph.
479 2217 504 2260 s.
526 2193 708 2274 Βυζάντιον
732 2192 973 2282 [Ἀθαμάντιον
988 2199 1102 2261 πεδίον
1118 2193 1221 2280 Apol-

60 2282 124 2348 lon.
140 2282 185 2349 Π.
210 2282 310 2368 516.],
335 2283 452 2368 quibus
475 2285 696 2350 assimilantur
717 2284 881 2350 interdum
904 2284 1091 2370 possessiva
1106 2283 1222 2349 localia

64 2370 248 2439 Μελάντιοι
271 2370 425 2439 σκόπελοι
447 2398 476 2456 ν.
502 2374 685 2441 Tzschuck.
710 2374 752 2439 ad
775 2372 881 2441 Strab.
898 2373 996 2439 XIV.
1022 2376 1095 2439 519.
1123 2373 1222 2459 [Her-

62 2487 170 2529 mann.
206 2461 247 2527 ad
281 2460 386 2550 Orph.
420 2463 528 2549 1363.]
564 2463 624 2530 sed
658 2465 779 2530 rectius
813 2460 1093 2547 Λαοδαμάντειος
1123 2459 1222 2544 λιμήν

61 2551 184 2640 Scylax
206 2551 281 2620 Per.
307 2574 334 2616 c.
362 2555 434 2618 106.
458 2577 490 2639 p.
516 2554 589 2619 307.
613 2555 801 2640 nec-probo
823 2552 1045 2635 Ἀριστόξενος
1068 2560 1102 2619 ἐν
1125 2558 1222 2640 Πρα-

62 2641 288 2725 ξιδαμαντίοις
313 2643 477 2730 Harpoer.
508 2667 534 2710 s.
565 2649 750 2722 Μουσαῖος.
802 2644 927 2712 Eadem
957 2652 1007 2709 est
1037 2643 1077 2708 de
1106 2642 1222 2708 ceteris

62 2732 343 2799 terminationibus
367 2733 491 2813 cauti03
515 2757 591 2799 nam
614 2757 714 2818 quum
738 2734 917 2801 secundum
939 2733 1047 2820 Etym.
1072 2731 1121 2796 M.
1147 2733 1222 2810 660,

63 2823 113 2888 43.
139 2821 344 2888 substantiva
366 2823 400 2887 in
421 2828 479 2906 w‘p,
503 2846 586 2908 quae
609 2824 756 2889 vocalem
780 2825 974 2910 corripiunt,
1007 2821 1167 2908 adjectiva
1189 2822 1222 2884 in

63 2915 126 2986 ιῖτῖς
156 2911 302 2993 mittant,
331 2909 522 3000 άλικτόριια
551 2908 601 2996 ᾠά
624 2911 738 2999 Synes.
762 2913 826 2999 Ep.
849 2912 909 2979 IV.
937 2912 1009 2978 165.
1033 2911 1078 2978 D.
1109 2908 1221 2976 νεοτό-

61 3022 149 3080 ρειος
173 2996 262 3076 οἶκος
284 2999 377 3068 Suid.
402 3023 428 3067 s.
452 3027 482 3068 v.
506 3003 692 3088 possessiva
714 3003 811 3090 hujus
835 3003 963 3092 generis
985 3009 1157 3088 poetarum
1172 3023 1223 3064 ar·

60 3084 158 3152 bitrio
193 3087 261 3153 iota
294 3091 446 3156 amittunt
480 3089 667 3176 νεστόρεος,
700 3090 863 3182 ἐκτόρεος,
898 3090 1100 3178 άνακτόρεος
1129 3089 1223 3156 Paul.
1320 3138 1323 3146 ·

58 3171 323 3263 811οο1.11ορ1π.
348 3176 601 3266 Soph.1.111.
630 3183 771 3269 propriis
800 3192 833 3248 et
860 3184 1065 3270 propriorum
1094 3179 1224 3246 vicanis

58 3265 163 3352 vulgo
191 3265 286 3332 litera
313 3276 330 3334 7
359 3270 510 3336 eximitur
534 3269 732 3357 Νεστόριος,
763 3266 844 3349 Ζεὺς
867 3270 1064 3361 φρατόριος,
1092 3270 1224 3350 Ἀθηνᾶ

54 3356 1226 3525 (691109όέ31831λῖ38311οαῖ611νὲδὲἒλδὲρδῗιῗέἑ.λέῖ3
1307 3423 1309 3426 ’

54 3540 98 3595 ut
128 3473 477 3623 Herodianusffljubet:
503 3472 693 3623 θεῗιίστιιος
721 3475 888 3606 ν.8]ο11ο1.
916 3477 1097 3606 PindilOl.
1120 3537 1146 3602 Ι.
1174 3538 1224 3603 18.

49 3620 260 3706 omninoque
287 3647 354 3690 non
382 3625 457 3710 plus
486 3649 583 3710 quam
612 3629 675 3693 tria
703 3628 936 3714 andronymica
964 3629 998 3693 in
1028 3631 1093 3700 ῑιῖῖς
1115 3626 1225 3691 termi-

50 3717 185 3774 nantur
199 3710 388 3797 Βασίλειος,
408 3712 615 3801 Ἡράκλειος,
637 3712 758 3801 Ἀρειος
782 3717 862 3802 (non
877 3716 999 3801 Ἀρεῖος
1014 3740 1046 3784 v.
1062 3714 1225 3801 Heusing.

46 3796 105 3862 ad
136 3797 259 3865 Julian.
286 3800 380 3869 Caes.
410 3827 442 3890 p.
462 3807 551 3888 118.)
580 3830 611 3871 v.
635 3803 726 3872 Suid.
758 3829 783 3872 s.
808 3807 986 3884 Βαοίλειος
1016 3814 1049 3870 et
1071 3804 1160 3871 Adn.
1185 3802 1227 3868 ad

99 4060 101 4063 .
141 4013 167 4077 1)
186 4017 229 4068 Sic
252 4026 277 4070 et
298 4012 471 4084 λυσιμάχιον,
497 4036 561 4084 qnae
584 4016 739 4088 λοστμάχιοτ
762 4035 867 4076 vocatur
887 4027 977 4078 Galen.
998 4027 1029 4076 de
1049 4025 1137 4088 Simpl.
1156 4023 1225 4071 Med.

44 4081 125 4137 I'ee.
145 4087 163 4136 l.
185 4089 227 4151 21,
247 4090 289 4140 64.
309 4092 341 4141 Τ.
358 4093 419 4142 XII.
444 4086 556 4153 ἑλένιον,
581 4089 760 4155 πολυπόδων,
784 4091 982 4162 μιλαμπόδιον.
1027 4096 1077 4147 Sed
1100 4096 1227 4158 trIgenera

50 4167 126 4208 eunt
149 4153 344 4222 πολνπόδειοο,
374 4153 566 4225 δασυπόδειος,
594 4182 677 4230 neque
702 4171 818 4220 excusari
841 4178 949 4234 possunt
972 4159 1118 4218 Οἰδιποδία
1140 4156 1225 4233 κρήνη

50 4223 194 4281 Ilntarch.
213 4233 245 4283 V.
271 4233 334 4284 Sull.
353 4250 374 4284 o.
393 4236 490 4286 XXIX.
510 4236 571 4287 210.
595 4238 705 4288 Pausan.
722 4241 769 4290 IX.
791 4242 832 4302 18,
853 4242 878 4293 4.
902 4240 957 4304 ἔπη
979 4232 997 4288 ἃ
1017 4229 1164 4287 Οἰδιπόδια
1181 4253 1227 4284 κα-

53 4292 154 4350 λεῖται
175 4304 221 4355 IX.
247 4304 272 4367 4,
292 4305 316 4355 5.
340 4307 401 4355 alibi
425 4300 584 4360 Οἰδιποδίαο
606 4311 710 4360 nomine
732 4312 868 4377 inscripta,
893 4320 917 4362 et
940 4311 1100 4362 notissimum
1124 4323 1226 4358 carmen

58 4366 262 4438 Melapnodta,
286 4377 336 4426 nisi
359 4377 483 4429 affinitate
506 4382 668 4444 propriorum
685 4399 708 4433 v.
727 4383 814 4436 Ebert.
833 4385 940 4436 Dissert.
960 4381 1039 4432 Sicul.
1058 4397 1083 4445 p.
1103 4379 1164 4430 207.
1184 4379 1228 4445 qui

61 4437 184 4497 Muelleri
203 4456 377 4501 commentum
395 4444 586 4516 Μιλαμπῳδλα
604 4459 672 4504 recte
691 4454 802 4505 damnat.
1088 4480 1090 4485 ¹
