2858 4964
221 328 283 396 114
665 338 938 394 0000000110οο

229 495 337 563 adhuc
364 493 560 581 discrepant.
611 493 679 563 Sed
705 495 794 581 quod
822 495 899 562 olim
922 504 1011 562 ratus
1034 519 1122 578 sum,
1150 495 1378 562 nominativum

228 585 365 651 istorum
387 583 553 656 nominum
576 608 617 651 ex
632 591 680 661 {a}
696 593 897 650 contractum
911 610 942 651 v.
958 584 1086 652 Anecd.
1102 608 1135 671 p.
1154 587 1252 652 1190.
1274 584 1376 671 Etym.

228 697 260 760 p.
276 672 352 754 473,
375 672 429 739 43.
458 672 526 737 0100
553 675 625 759 jota
652 673 859 740 scribendum
882 696 963 756 esse,
986 672 1082 739 hodie
1104 674 1189 738 inter
1212 674 1377 758 plerosque

228 761 381 828 convenit
408 785 439 828 v.
463 761 580 847 Poppo
609 761 652 826 ad
673 763 778 829 Thuo.
802 762 844 828 II.
869 765 899 828 9.
929 760 1109 828 Schneider
1137 761 1181 827 ad
1202 762 1287 826 Plat.
1311 759 1376 828 civ.

228 850 268 915 Τ.
290 849 318 915 Ι.
343 873 374 935 p.
395 850 467 914 157.
491 849 666 916 Rueokert.
690 851 731 918 ad
754 849 867 938 Symp.
890 874 921 937 p.
941 854 1013 917 127.
1041 851 1150 936 itaque
1172 850 1377 916 Hermannus
1406 884 1408 887 ·

228 946 262 1005 et
283 937 475 1003 Dindorfius
498 939 698 1024 seripserunt
719 941 849 1024 βραβῆς
872 940 989 1028 Agam.
1016 941 1089 1007 220.
1113 937 1214 1025 Soph.
1239 939 1291 1006 El.
1308 942 1377 1005 690.

229 1030 358 1094 01701.
405 1024 514 1092 Orest.
541 1029 634 1093 1650.
658 1031 799 1112 βασιλῆς
821 1028 912 1096 Ρο10.
930 1030 982 1095 25.
1008 1031 1114 1094 0144.
1142 1031 1261 1107 Φωκῆς
1281 1025 1376 1114 Soph.

228 1115 280 1182 El.
307 1117 401 1181 1106.
426 1122 459 1179 01
483 1117 578 1180 1441.
603 1120 704 1197 ἱππῆς
725 1117 806 1185 Eur.
829 1115 943 1204 80991.
967 1120 1041 1182 666.
1066 1119 1199 1208 σφαγῆς
1222 1115 1376 1182 Androm.

231 1207 326 1269 llll.
352 1226 449 1289 saepe
473 1203 651 1270 secundum
676 1205 805 1271 codices
828 1228 888 1271 nec
911 1228 983 1271 raro
1007 1213 1119 1271 contra
1141 1226 1208 1271 eos.

315 1292 358 1358 V.
378 1294 451 1357 190.
491 1287 541 1357 ”H
561 1297 621 1396 τοῖς
643 1291 773 1403 ἀσώτου
795 1295 990 1383 Σισοιμιδᾶν
1012 1297 1135 1376 γενεᾶς.
1188 1292 1291 1359 Ηο00
1312 1318 1375 1360 ver-

228 1379 637 1556 ffilnllfllliiiuld
667 1383 1376 1558 0101110·1000011191

172 1559 286 1641 100111,
314 1559 496 1644 proximum
524 1567 574 1624 est
602 1563 748 1643 ἔκγονος,
780 1558 868 1644 quod
895 1567 1172 1645 praemonstratur
1199 1559 1272 1647 ipsa
1295 1584 1375 1626 men·

221 1649 316 1713 'tione
338 1650 397 1727 τῆς
419 1649 544 1731 γενεάς,
566 1657 603 1713 01
624 1649 704 1714 Eur.
728 1646 820 1734 Cycl.
845 1651 898 1715 41.
921 1653 968 1712 rui
993 1645 1033 1728 δῆ
1056 1673 1114 1731 μοι
1136 1651 1298 1731 γενναίων
1325 1653 1375 1733 μὲν

226 1741 387 1820 πατέρων,
410 1741 568 1818 γενναίων
591 1735 625 1801 τ’
645 1743 678 1802 ἐκ
701 1735 860 1819 τοκάδων,
883 1735 1034 1803 videlicet
1056 1738 1201 1818 γένεθλα
1227 1736 1297 1803 sive
1312 1759 1374 1819 γεν-

226 1822 369 1908 νήματα.
399 1824 501 1890 Α1101.
529 1825 615 1890 Ach.
640 1827 714 1891 549.
745 1823 817 1890 ἀλλ’
844 1817 869 1888 ὦ
897 1827 1014 1905 τηθῶν
1042 1823 1283 1909 ἀνδρειοτάτων
1314 1825 1373 1891 scil.

224 1917 425 1999 βρὲμματα,
456 1936 640 1998 quanquam
663 1914 717 1979 alii
740 1911 956 1997 ἀνδρειοτάτη
979 1914 1174 2000 praeferunt.
1222 1913 1374 1980 Herman-

226 2025 287 2068 nus
317 1999 472 2084 βασιλεύς
501 2002 646 2089 supplet,
681 2000 771 2087 quod
798 1996 866 2067 aiud
895 2004 1007 2067 κοινοῦ
1035 2005 1095 2068 τοῦ
1122 2003 1266 2084 βασι-λῆς
1297 2025 1374 2069 com·

226 2089 322 2157 mode
349 2090 453 2176 repeti
481 2099 607 2176 potest;
639 2090 697 2157 sed
720 2113 803 2175 quae
825 2090 1018 2177 Bernhardy
1039 2088 1132 2176 Synt.
1155 2093 1281 2177 p.144.
1306 2114 1374 2158 con·

225 2181 298 2262 fert,
325 2177 539 2246 dissimillima
562 2188 647 2246 sunt.
692 2179 922 2245 Lachmannus
946 2178 987 2244 de
1009 2177 1148 2267 System.
1173 2183 1300 2266 9.,147.
1322 2203 1373 2267 910

227 2264 249 2348 ἥ
272 2269 384 2356 posuit
411 2264 457 2350 μή
488 2290 561 2334 oum
584 2269 792 2354 sequentibus
816 2267 1087 2336 continuandum:
1117 2267 1178 2347 Μῆ
1202 2271 1264 2346 τοῖς
1280 2264 1374 2352 -μῆ

90 2407 103 2431 .
225 2356 271 2444 μή
301 2355 340 2441 μ’
367 2350 454 2435 ίίναξ
476 2399 518 2408 --
542 2351 648 2422 κακὰν
677 2353 779 2449 φάτιν
802 2353 882 2441 ὁίρη,
909 2361 1028 2440 famam
1050 2360 1091 2423 ab
1118 2358 1209 2423 Ulixe
1232 2378 1375 2439 sparsum

226 2467 265 2511 ne
294 2449 468 2528 suscipiar.
520 2445 595 2511 Nec
625 2453 751 2512 veteres
780 2424 929 2512 inoliensi
957 2446 1046 2512 huuc
1072 2447 1180 2512 looum
1209 2447 1374 2532 praeterie-

226 2544 311 2601 runt.
358 2532 468 2602 Schol.
493 2533 568 2600 Jen.
598 2538 681 2610 τινὲς
703 2539 920 2616 προςτιθέασι
951 2539 988 2599 τὸ
1017 2529 1152 2621 ἄρθρον
1184 2539 1219 2600 ἐν
1248 2539 1289 2624 τῇ
1312 2556 1374 2602 σοι·

225 2622 330 2705 τάξει,
359 2619 443 2690 οὕτω
472 2626 636 2707 λέγοντες,
666 2628 692 2688 εί
720 2627 912 2690 κλέπτουσιν
938 2662 978 2672 -
1000 2627 1033 2688 οί
1056 2624 1211 2703 βασιλεῖς·
1226 2629 1286 2690 καὶ
1308 2623 1326 2689 ὁ
1348 2627 1374 2687 ἐκ

134 2723 136 2726 ’
225 2714 285 2792 τῆς
307 2713 502 2801 Σισνφιδᾶν
525 2715 638 2795 γενεᾶς
662 2750 702 2761 -
726 2709 962 2796 καταγόμενος,
985 2709 1072 2796 quod
1094 2711 1150 2796 qui
1179 2712 1315 2799 scripsit
1335 2712 1375 2776 in-

226 2809 349 2868 certum
384 2810 434 2866 est
466 2811 574 2866 utrum
604 2800 776 2866 articulum
804 2801 1020 2883 extrinsecus,
1054 2807 1091 2865 ut
1119 2800 1298 2869 Tricliuius
1327 2800 1374 2881 ait,

225 2890 410 2973 adsciverit,
433 2913 474 2956 an
496 2913 558 2978 pro
581 2893 637 2954 καί
658 2888 775 2977 legerit
794 2888 851 2974 χώ.
891 2888 1091 2956 Scholiastes
1111 2887 1281 2956 Romanus
1305 2885 1375 2972 γρά-

226 3003 334 3068 ιγεται,
356 2979 473 3063 inquit,
496 2980 683 3066 Σισυιρίδα,
707 2979 764 3062 qui
786 2979 814 3043 si
836 2978 998 3065 genitivus
1021 2986 1081 3059 est,
1104 2977 1236 3043 fuerunt
1251 2975 1374 3063 00180-

224 3067 375 3152 phoclem
403 3065 462 3152 pro
491 3067 655 3153 primitivo
677 3067 938 3154 patronymicum
960 3067 1107 3152 posuisse
1132 3065 1321 3150 crederent,
1344 3073 1376 3130 01

222 3153 441 3242 Ἡρακλείδης
471 3155 589 3221 (1101101
617 3178 678 3242 910
697 3154 868 3243 Ἡρακλῆς
889 3155 1039 3221 Eustath.
1065 3155 1140 3237 989,
1162 3156 1216 3219 44.
1246 3156 1375 3240 Σιμιχί-

226 3244 284 3321 δης
306 3265 367 3328 910
384 3242 530 3328 Σίμιχος
545 3244 670 3329 aliaque
686 3269 716 3309 v.
733 3244 898 3332 Aglaoph.
915 3268 948 3330 p.
966 3245 1040 3310 982.
1066 3243 1373 3330 [Ἀγαθαρχίδου-

225 3331 304 3395 ἔνιοι
328 3332 362 3394 δὲ
385 3325 488 3396 αὐτὸν
509 3331 722 3418 Ἀγάθαρχον
746 3331 964 3414 ὀνομάζουσιν
979 3332 1076 3398 Phot.
1099 3329 1181 3397 (lod.
1199 3333 1275 3398 213.
1294 3331 1374 3414 281]

225 3416 284 3484 sed
305 3417 376 3484 fieri
397 3426 516 3504 potest,
538 3428 574 3485 ut
595 3428 740 3487 veterum
757 3418 953 3487 Oritioorum
976 3421 1104 3506 aliquis,
1127 3420 1182 3504 qui
1203 3421 1376 3508 genitivum

225 3506 387 3592 explicare
414 3507 571 3592 nesciret,
601 3509 796 3599 Σισιιφίδας
818 3511 985 3596 scripserit
1006 3509 1058 3575 vel
1081 3509 1257 3596 Σισοιρίδα
1281 3509 1377 3576 nomi-

224 3595 369 3662 nativum
392 3596 551 3663 aeolicum
574 3620 646 3664 esse
660 3599 832 3684 putaverit,
856 3599 960 3684 qualis
976 3599 1052 3664 olim
1067 3597 1098 3663 le
1123 3598 1237 3664 ebatur
1252 3598 1288 3664 in
1302 3597 1376 3664 1101.

223 3683 346 3750 Bacch.
371 3686 422 3750 95.
451 3687 598 3769 Κρονίδα
621 3710 682 3773 910
706 3689 885 3774 Κρονίδας.
936 3687 1069 3755 Ulixem
1091 3620 1226 3773 81099111
1248 3711 1292 3754 ex
1314 3687 1378 3753 Au·

223 3773 322 3838 ticlea
353 3773 455 3840 filium
490 3797 561 3841 esse
595 3774 740 3862 prodidit
768 3776 952 3863 Aeschylus
986 3776 1020 3841 in
1050 3775 1226 3841 Armorum
1256 3775 1378 3863 judicio

222 3862 355 3950 Fragm.
379 3859 501 3929 OLXJ.
526 3863 579 3929 alii
601 3864 787 3931 Anticleam
810 3864 850 3930 ab
874 3865 1053 3952 Autolch,
1075 3862 1209 3951 Sisyphi
1235 3863 1272 3930 in
1296 3864 1379 3931 omni

223 3951 343 4018 astutia
370 3951 582 4035 aemulatore,
609 3954 662 4020 vel
690 3953 730 4019 ab
753 3953 909 4041 Autolyci
930 3954 997 4020 filio
1021 3954 1155 4018 Aesimo
1177 3954 1380 4040 progenitam

222 4040 332 4107 ferunt
360 4065 390 4106 v.
421 4038 551 4108 Sluiter.
579 4041 687 4108 Lectt.
716 4041 845 4109 Andoc.
875 4068 906 4129 9.
930 4045 960 4108 8.
990 4050 1023 4108 01
1044 4041 1210 4129 Aglaoph.
1234 4065 1268 4128 p.
1289 4043 1380 4108 1906.

224 4129 304 4215 (ubi
333 4151 416 4214 quae
444 4129 484 4196 de
513 4128 635 4198 Sinone
664 4130 751 4196 dicta
779 4139 870 4214 sunt,
901 4131 1027 4197 correxi
1056 4129 1155 4215 alibi)
1179 4131 1382 4219 Autolycum

159 4253 161 4255 >
222 4241 300 4286 vero
316 4218 475 4286 Mercurii
496 4219 598 4286 filium
612 4219 711 4286 Paus.
727 4219 819 4287 VIII.
844 4224 875 4286 4.
899 4244 919 4286 a
941 4243 1005 4305 quo
1030 4218 1091 4286 deo
1113 4219 1264 4286 nonnulli
1287 4221 1383 4287 etiam

223 4305 352 4375 Laertia
375 4331 478 4398 genus
502 4317 653 4396 repetunt
674 4335 707 4376 v.
723 4307 832 4377 Schol.
850 4309 933 4378 Ven.
949 4309 994 4376 II.
1020 4309 1092 4374 179.
1130 4307 1300 4377 Nimirum
1316 4332 1383 4378 ore·
