2850 4956
652 346 919 399 ΣΟΦΟΚΛΕΟῬΣ

655 524 719 573 ΜΕ
725 523 756 572 Ν
756 525 784 573 Ε
788 523 819 573 Λ
824 524 854 573 A
858 523 917 575 ΟΣ.

362 603 446 684 Τοός
467 604 498 691 μ’
519 599 619 683 αὐτὸς
641 604 745 672 αὑτοῦ
766 608 959 690 πολεμίους·
983 603 1022 672 οὐ
1044 601 1108 691 γάρ
1131 602 1244 672 καλόν.

681 747 733 797 ΤΕ
743 746 886 798 ΤΚΡΟΣ.

349 819 403 894 Ἠ
422 831 476 911 σοὶ
499 823 563 913 γάρ
587 825 675 904 Α’ίας
697 828 854 907 πολέμιος
876 822 1023 911 προῦστη
1046 832 1142 907 ποτί,·

652 942 915 1020 mmm.

208 1055 293 1119 1110
359 1049 524 1118 Μισοῦντ’
551 1054 668 1136 ἐμίσει·
692 1053 748 1116 καὶ
771 1048 812 1116 σε)
833 1049 922 1117 τοῦτ’
940 1049 1119 1134 ἠπίστασο.

568 1247 571 1255 ,
682 1191 887 1243 νωνκνοε.
1016 1232 1026 1241 ,

361 1274 511 1354 Κλίπτης
532 1267 597 1360 γάρ
621 1273 723 1339 αὐτοῦ
744 1270 939 1363 φηφοποιός
961 1271 1111 1358 εὑρέθης.
1310 1293 1365 1339 1135

655 1416 690 1465 Μ
690 1415 718 1464 Ε
722 1415 752 1464 Ν
754 1417 781 1464 Ε
789 1414 819 1464 Λ
824 1415 853 1464 Α
858 1414 918 1466 ΟΣ.

361 1494 410 1560 Ἐν
432 1505 502 1572 τοῖς
525 1496 705 1576 δικασταῖς,
728 1495 807 1562 κούκ
830 1499 911 1581 ἐμοὶ,
934 1493 996 1562 τόδ
1003 1495 1010 1518 ’
1029 1493 1170 1588 ἐσφάλη.

684 1637 735 1685 ΤΕ
746 1635 850 1686 PKPO
856 1637 889 1687 Σ.

357 1716 466 1784 Πόλλ’
487 1711 529 1784 άν
552 1720 658 1794 κακῶς
681 1714 799 1803 λάθρα
823 1713 864 1784 σὺ
886 1722 1040 1805 κλέψειας
1062 1716 1158 1783 κακά.

653 1859 687 1906 Μ
689 1859 716 1906 Ε
721 1858 778 1908 ΝΕ
784 1858 815 1907 Λ
820 1858 850 1907 Α
858 1858 917 1910 ΟΣ.

363 1938 460 2005 Τοῦτ’
482 1946 525 2018 είς
548 1937 647 2007 ἀνίαν
669 1930 792 2017 τσῦπος
815 1943 942 2026 ἔρχεται
963 1943 1036 2007 τινί.

685 2064 735 2112 ΤΕ
744 2063 886 2116 ΤΚΡΟΣ.

362 2143 408 2212 Οὐ
431 2149 568 2232 μᾶλλον,
592 2144 635 2223 ὡς
657 2148 771 2229 ἔοικεν,
792 2143 814 2226 ἢ
837 2144 1035 2233 λοπήσομεν.

657 2272 691 2321 Μ
692 2273 719 2320 Ε
724 2272 754 2321 Ν
754 2273 782 2321 Ε
786 2271 817 2320 Λ
822 2272 852 2320 Α
859 2271 919 2323 ΟΣ.

352 2350 410 2418 Ἕν
434 2374 487 2420 σοι
509 2350 643 2442 φράσω·
668 2351 763 2419 τόνδ’
784 2357 872 2419 ἐστὶν
896 2354 968 2440 οὐχὶ
992 2357 1152 2420 θαπτίον.
1237 2376 1241 2383 ’
1311 2373 1363 2436 1140
1387 2420 1388 2424 ,

685 2483 737 2530 ΤΕ
747 2481 892 2531 ΤΚΡΟΣ.

242 2621 244 2625 .
358 2559 416 2628 Σίν
439 2560 473 2629 δ’
493 2558 688 2628 άντακοόσει
710 2567 838 2641 τοῦτον,
861 2561 904 2640 ὡς
926 2558 1124 2649 τεθάψεται.

655 2705 717 2753 ΜΕ
722 2703 782 2752 ΝΕ
788 2701 818 2752 Λ
825 2704 854 2752 Α
860 2704 918 2754 ΟΣ.

352 2781 443 2867 Ἤδη
465 2784 539 2852 ποτ’
561 2784 648 2852 εἶδον
672 2780 764 2868 ἄνδρ’
786 2779 847 2867 1ηώ
870 2782 1000 2876 γλώσσῃ
1022 2780 1169 2871 θρασὺν,

359 2889 483 2969 ναύτας
505 2887 744 2980 ίφορμήσαντα
765 2891 924 2977 χειμῶνος
947 2885 985 2955 τό
1009 2892 1113 2972 πλεῖν,

361 2986 386 3080 ᾦ
410 2994 539 3086 φθέγμ’
560 2993 603 3062 δν
626 2994 685 3062 οὐκ
708 2992 751 3062 ὀίν
774 2987 871 3078 εὗρες,
894 2993 980 3075 ἡνίκ’
1000 3001 1034 3060 ὲκ
1056 2996 1147 3078 κακῷ

336 3161 339 3171 .
357 3103 517 3186 χειμῶνος
540 3099 644 3188 εἴχετ’,
668 3099 742 3166 ἀλλ’
760 3098 822 3191 ὑφ’
841 3105 981 3187 εἵματος,
996 3103 1140 3190 κρνφεὶς,
1311 3095 1365 3162 11745

358 3215 475 3271 πατεῖν
497 3215 629 3291 παρεῖχε
652 3209 698 3289 τῷ
721 3208 857 3271 θέλοντι
880 3207 1051 3270 ναυτίλων.

360 3306 444 3376 οὕτω
468 3312 579 3376 δὲκαὶ
603 3313 637 3376 σὲ
659 3313 715 3376 καὶ
737 3305 776 3375 τό
800 3307 861 3377 σόν
884 3306 1013 3396 λάβρον
1036 3304 1154 3391 στόμα,

360 3416 499 3500 σμικροῦ
521 3418 641 3504 νέφους
662 3412 735 3502 τάχ’
756 3410 799 3481 άν
822 3439 871 3491 τις
894 3410 1071 3494 ἐκπνεόσας
1093 3418 1197 3497 μέγας

355 3514 478 3608 χειμών
500 3521 713 3604 κατασβέσαι
736 3514 798 3600 τὴν
820 3512 947 3598 πολλὴν
969 3514 1064 3602 βοήν.
1138 3579 1144 3582 ,

687 3664 739 3712 ΤΕ
749 3660 892 3719 ΤΚΡΟΣ.

362 3738 439 3827 Ἐγιίι
463 3745 498 3810 δέ
521 3738 667 3834 ν’.>,τἐ’νδρ’
688 3738 806 3809 ὄπωπα
828 3746 954 3829 μωρίας
976 3744 1092 3821 πλέων,
1314 3756 1371 3804 115⁰

362 3843 400 3924 ὃς
422 3854 457 3913 ὲν
480 3857 593 3926 κακοῖς
614 3843 725 3934 ὕβριζε
749 3859 836 3914 τοῖσι
858 3849 924 3912 τῶν
948 3849 1059 3923 πέλας.

361 3941 434 4016 κᾶτ’
455 3947 558 4018 αὐτόν
582 3947 704 4028 ελςιδιίν
727 3975 776 4027 τις
798 3944 943 4039 ἐμφερὴς
966 3951 1048 4033 ἐμοὶ,

362 4052 465 4144 ὀργήν
489 4055 528 4124 θ’
549 4056 673 4142 ὁμοῖος,
697 4053 764 4122 εἶπε
784 4057 939 4119 ’τοιοῦτον
961 4049 1077 4137 λόγον·

358 4158 541 4250 Ἄνθρωπε,
564 4159 610 4246 μη
634 4164 698 4248 δρᾶ
722 4158 798 4237 τοὺς
821 4155 1029 4239 τεθνηκότας
1050 4159 1171 4234 κακῶς·

295 4261 300 4266 ’
365 4274 392 4334 εί
414 4261 479 4352 γάρ
502 4263 659 4348 ποιήσεις,
683 4265 761 4331 ίσθι
782 4260 1046 4350 πημανοόμενος.
1231 4332 1233 4336 ⁴
1317 4274 1373 4323 1155

362 4369 486 4441 τοιαῦτ’
507 4366 654 4455 άνολβον
677 4364 771 4457 ἄνδρ’
791 4371 962 4438 ίνονθίτει
985 4364 1109 4456 παρόν.
