2858 4964
230 346 282 400 108
670 343 944 399 COMMENTARIUS

318 500 360 569 V.
378 502 451 569 136.
497 500 549 568 Σὲ
571 503 631 583 μὲν
654 493 690 566 εὖ
710 497 893 585 πράσσοντ’
921 503 1087 589 ἐπιχαίρω.
1132 501 1235 567 Hune
1258 517 1381 568 versum

229 600 263 660 et
291 589 373 656 duos
395 598 575 676 sequentes
604 591 723 677 promit
745 588 864 657 Suidas
887 612 913 656 s.
938 586 1090 673 Ζαμενάς
1113 597 1145 656 et
1171 587 1378 676 Κακόθρονς.

228 678 410 748 Schematis
440 677 556 765 Oropii
584 688 617 745 et
645 679 794 765 exempla
823 678 1047 764 compluscula
1076 687 1109 744 et
1138 700 1254 745 causas
1282 680 1380 745 varias

228 768 367 835 afferunt
388 777 532 848 veteres3
562 769 703 854 primum
724 768 797 834 loco
821 791 935 855 parum
958 774 1140 854 opportuno
1162 766 1202 833 Il.
1228 766 1289 833 VI.
1312 770 1378 834 479.

129 860 132 864 ’
229 863 299 922 καί
322 863 417 922 ποτέ
440 881 490 934 τις
512 856 582 948 είπη
605 854 754 940 ἀνιόντα,
777 877 861 923 unus
886 856 1016 941 quidem
1031 854 1290 924 Scholiastarum
1306 857 1380 922 anti·

230 945 339 1032 ptcsin
362 953 525 1029 causatur,
548 946 653 1031 qualis
676 946 719 1012 sit
740 957 880 1031 γυναῖκα
901 945 1018 1029 μαζόν,
1041 945 1124 1011 alius
1146 942 1224 1012 ίδοίν
1240 945 1378 1032 supplet,

229 1041 390 1122 repugnat
417 1034 532 1101 tertius
562 1033 601 1100 οὐ
628 1030 789 1100 λείπειτὸ
812 1031 987 1100 ὶδοίνάλλ’
1015 1036 1084 1100 ἔστι
1105 1029 1261 1115 συνήθης
1286 1036 1379 1100 Ἀττι-

199 1145 201 1151 ’
229 1133 299 1201 κοῖς
321 1121 343 1214 ἡ
366 1119 502 1214 φράσις·
526 1121 706 1204 Εὐριπίδης
734 1119 839 1206 Ῥήσῳ
862 1124 969 1208 (390.)
989 1127 1095 1209 χαίρω
1119 1122 1150 1188 σ’
1178 1120 1379 1206 εὐτυχοῦντα,

229 1215 285 1278 καὶ
312 1206 452 1295 ’Όμηρος
467 1211 533 1297 (ΙΙ.
556 1211 653 1278 XIII.
678 1213 774 1298 352.)
799 1207 925 1297 ἤχθετο
948 1213 1189 1295 δαμναμένους.
1236 1211 1323 1278 Tum
1343 1209 1381 1276 ad

229 1301 268 1367 Il.
290 1298 355 1368 IX.
380 1303 432 1364 77.
464 1304 525 1378 τίς
548 1296 596 1366 άν
618 1297 712 1368 τάδε
734 1296 930 1386 γηθήσειε
954 1338 995 1350 -
1020 1298 1058 1367 οὐ
1088 1301 1190 1365 λείπει
1217 1295 1257 1365 τό
1290 1299 1381 1385 ὁρῶν,

230 1386 308 1455 ἀλλ’
334 1391 402 1454 ἔστι
429 1383 557 1454 παλαιοί
586 1386 761 1471 συνήθεια.
805 1385 1046 1481 Ἀριστοφάνης
1069 1387 1173 1474 (Aah.
1192 1389 1266 1472 15.)
1293 1387 1374 1454 ἀλλ’

231 1485 368 1563 ἕτερον
402 1473 553 1561 ἥσθην,
585 1482 641 1545 καὶ
675 1479 844 1565 Κρατῖνος
878 1477 1029 1567 (Fragm.
1059 1478 1186 1563 p.-43.)
1221 1479 1380 1561 γέγηθα

230 1562 298 1633 τόν
333 1559 479 1652 ἄνδρα,
513 1570 568 1633 καὶ
603 1570 691 1635 ἔστιν
724 1565 759 1646 ἐξ
792 1564 1015 1648 ἀντικειμένου
1048 1562 1138 1649 οἷον,
1172 1569 1222 1642 τίς
1258 1565 1317 1632 οὐκ
1343 1559 1381 1631 όν

229 1651 387 1722 alaricus.
443 1653 548 1721 Iidem
579 1678 654 1722 cum
687 1656 726 1722 Il.
760 1654 857 1722 XIII.
887 1656 962 1722 353.
997 1650 1121 1741 ἤχθετο
1156 1655 1381 1739 δαμναμένους

230 1745 401 1813 conferunt
422 1742 641 1831 Eupolideum
664 1739 727 1826 ἤδη
749 1740 813 1829 γάρ
828 1744 1042 1829 Ἀρίσταρχον
1065 1741 1303 1828 στρατηγοῦντ’
1330 1737 1380 1828 άχ-

229 1837 349 1918 dopna.
396 1831 567 1900 Postremo
588 1833 780 1900 Eustathius
802 1831 996 1915 Homerum,
1019 1854 1118 1916 quum
1140 1830 1299 1898 scriberet
1328 1857 1380 1914 γη-

230 1919 332 2001 θήσει
355 1925 414 1987 νῶι
435 1926 647 2014 προφανείσα
669 1922 709 1988 11.
724 1922 817 1991 VIII.
841 1924 916 1989 318.
940 1921 993 1987 vel
1015 1943 1126 1988 casum
1146 1943 1209 2006 pro
1234 1942 1313 1987 casu
1327 1943 1380 2007 po-

230 2011 334 2076 suisse
356 2009 409 2076 vel
430 2012 702 2098 praepositionem
726 2008 780 2077 διά
803 2011 949 2078 omisisse
973 2017 1084 2076 censet
1107 2011 1150 2093 [v.
1167 2007 1329 2096 Spitzner.
1344 2007 1380 2074 ad

229 2096 353 2164 11.V1.
383 2101 457 2165 479.
485 2104 704 2184 χρίμπτοντες
733 2095 788 2168 ἐόν
812 2104 986 2186 χαίροντες
1014 2095 1162 2184 ὄλεθρον
1190 2097 1280 2184 Opp.
1310 2099 1379 2164 Hal.

231 2185 273 2252 V.
295 2187 401 2274 534.];
434 2185 553 2255 Suidas
587 2197 694 2256 autem
727 2212 753 2257 s.
787 2191 905 2276 Χαίρω
940 2210 975 2255 σε
1009 2208 1088 2254 αεαε
1116 2185 1285 2274 Euripidis
1312 2189 1380 2254 loeo

230 2274 364 2362 Sisyph.
386 2276 442 2342 Fr.
458 2276 518 2343 III.
548 2281 653 2365 χαίρω
677 2300 713 2344 σε
736 2274 885 2344 ἐλθόντα
907 2274 968 2344 τόν
990 2300 1024 2342 τε
1046 2270 1168 2363 μιαρόν
1190 2274 1380 2359 ὲξολωλότα,

231 2365 388 2431 rationem
411 2367 665 2435 constructionis
688 2391 753 2434 non
776 2366 869 2433 addit
891 2365 950 2434 sed
973 2365 1105 2432 schema
1127 2361 1311 2451 Oropicum
1332 2377 1381 2432 vo

232 2455 299 2522 cari
326 2463 453 2538 narrat,
483 2456 639 2522 omissum
665 2456 747 2523 illud
775 2480 795 2522 a
818 2455 1018 2522 schematum
1042 2453 1275 2540 scriptoribus,
1305 2455 1381 2544 Try·

230 2543 339 2630 phone
363 2553 396 2609 et
417 2544 635 2612 Lesbonacte.
678 2546 731 2612 Ex
752 2545 873 2612 nostris
890 2544 1121 2613 Grammaticis
1136 2541 1324 2610 Bumckius
1345 2540 1381 2609 ad

231 2633 315 2699 Phil.
335 2634 430 2699 1314.
454 2643 488 2702 et
508 2633 684 2722 Elmslejus
707 2633 751 2700 ad
771 2634 845 2720 Iph.
869 2634 909 2700 Τ.
926 2634 1000 2700 930.
1026 2630 1110 2700 Oed.
1134 2629 1172 2698 C.
1192 2635 1289 2699 1119.
1314 2655 1405 2720 par··

175 2723 341 2809 ratticipia
371 2721 457 2812 ὁρῶν
480 2731 514 2790 et
536 2721 666 2790 ἀκοόων
690 2724 811 2790 omissa
833 2730 966 2809 putant3
996 2744 1078 2807 quae
1101 2721 1129 2788 si
1152 2721 1259 2787 omitti
1280 2721 1380 2788 licuis-

231 2820 296 2895 set,
323 2812 438 2899 procul
467 2811 566 2879 dubio
595 2812 725 2900 saepius
753 2820 786 2878 et
812 2812 846 2877 in
874 2811 1002 2899 vulgari
1031 2833 1161 2896 quoque
1183 2810 1335 2878 sermone
1356 2817 1382 2875 et

230 2909 308 2987 post
334 2901 397 2968 clia
425 2902 522 2968 etiam
553 2901 653 2968 verba
681 2899 843 2966 irascendi
872 2908 905 2966 et
932 2899 1124 2988 indignandi
1151 2909 1381 2985 premerentur,

214 2990 383 3074 'quoniam
411 2992 562 3057 notiones
593 3013 647 3058 eas
677 2990 861 3073 continent,
885 3011 967 3074 quae
990 2997 1107 3074 sponte
1130 3010 1165 3054 se
1187 2988 1223 3053 in
1245 2991 1381 3056 animum

227 3077 391 3145 audientis
406 3079 581 3146 insinuant.
619 3078 686 3148 Sed
701 3088 830 3165 praeter
842 3077 974 3144 Heliod.
991 3077 1085 3145 VIII.
1105 3080 1157 3159 16,
1174 3079 1249 3146 128.
1272 3075 1381 3161 ἥσθην

224 3162 490 3250 ’ἀπαγγελθίντα
519 3192 576 3254 μοι
605 3165 664 3235 τόν
686 3171 831 3246 νεανίαν,
855 3167 981 3233 nullum
1003 3166 1083 3232 mihi
1105 3165 1193 3253 apud
1216 3166 1381 3233 Atticistas

51 3278 90 3320 .’
232 3256 416 3342 exemplum
449 3258 611 3344 reperisse
644 3256 773 3342 videor,
806 3255 926 3323 nedum
960 3254 1048 3342 apud
1078 3255 1211 3321 Atticos
1245 3256 1337 3342 ipsos
1348 3254 1379 3339 ¹).

142 3340 144 3349 '
223 3341 425 3412 ‘Schaeferus
455 3354 562 3412 autem
589 3346 632 3412 ad
658 3347 736 3414 Bos.
766 3370 800 3432 p.
825 3348 876 3412 26.
911 3344 992 3411 nihil
1026 3342 1289 3411 subaudiendum
1318 3365 1380 3410 esse

107 3473 117 3489 ·
168 3487 171 3492 „
231 3431 323 3517 dicit,
346 3432 405 3500 sed
427 3435 650 3503 accusativum
674 3459 715 3502 ex
735 3437 808 3522 ipso
830 3435 931 3502 verbo
953 3433 1108 3521 pendere,
1130 3433 1226 3518 quasi
1247 3431 1380 3500 haecle·

231 3521 344 3610 gitima
371 3523 414 3590 sit
441 3533 474 3590 et
502 3523 664 3592 ordinaria
691 3524 838 3612 syntaxis
860 3532 1004 3590 autnon
1026 3521 1266 3612 legitimasine
1289 3519 1380 3609 expli·

232 3612 359 3679 catione
381 3611 507 3680 admitti
528 3613 643 3701 possit.
689 3614 780 3680 Huic
801 3621 910 3680 tamen
932 3634 1085 3680 assensus
1104 3611 1325 3679 Buttmannus
1345 3607 1381 3676 ad

141 3734 144 3739 ·
230 3700 316 3767 Phil.
350 3701 373 3766 l.
408 3724 438 3771 ο.
471 3702 740 3771 Wakefieldianis
775 3703 941 3790 exemplis.
967 3701 1186 3784 demonstrat,
1220 3700 1381 3768 Romanos

228 3793 368 3874 pollere,
392 3795 521 3870 ardere,
547 3814 682 3876 ponere,
710 3814 785 3859 eum
808 3800 923 3877 quarto
946 3791 1168 3877 composuisse
1191 3811 1272 3857 casu
1294 3799 1381 3875 atque

230 3877 372 3948 Statium
395 3880 477 3947 adeo
500 3886 619 3965 ρουιίοο
641 3884 736 3961 bellu,
759 3883 877 3965 pandet
900 3884 974 3964 foto
996 3901 1125 3946 suorum
1148 3877 1287 3961 dixisse3
1311 3901 1382 3965 quc

230 3994 303 4037 rum
331 3970 388 4035 illa
415 3992 550 4057 prorsus
580 3971 685 4038 aliena
707 3979 797 4053 sunt,
821 3970 897 4056 quia
918 3969 1040 4058 pallere
1063 3968 1203 4054 aliquem
1224 3992 1294 4036 non
1315 3989 1382 4056 pro-

303 4118 328 4213 ¹¹)
347 4153 377 4203 In
396 4152 489 4205 εσσε.
503 4153 560 4218 cg.
581 4153 657 4205 cos.
682 4150 783 4215 (rosa.)
806 4155 977 4223 μιμοροιι.
993 4144 1083 4204 που
1103 4148 1288 4217 επιπειοομο.
1304 4143 1386 4202 „aaa

229 4242 299 4291 μενοι
321 4216 388 4275 τάδε
410 4226 510 4294 βρέφη,
535 4227 623 4291 utique
646 4217 738 4294 ὁρῶσα
761 4226 873 4290 suppleri
895 4231 994 4290 potest,
1019 4225 1064 4274 sed
1088 4225 1115 4274 et
1136 4223 1271 4293 μαρτυρεῖ
1289 4233 1315 4275 et
1332 4224 1388 4287 clia,

230 4306 319 4362 estque
337 4297 402 4347 haec
420 4313 471 4348 non
490 4298 656 4362 grammatica
674 4298 770 4364 ellipsis
789 4298 834 4348 sed
852 4297 991 4359 rhetorica,
1017 4311 1093 4361 quam
1111 4311 1160 4346 nos
1178 4297 1247 4346 notis
1268 4297 1390 4349 orationis

119 4436 121 4440 Α
229 4369 352 4490 ἱδεαρΙεῧε
373 4376 409 4498 ie}
427 4371 546 4420 concisae
569 4369 711 4432 significare
734 4370 854 4420 solemus.
889 4360 1031 4446 [ἠχθόμην
1052 4356 1105 4430 τὴν
1129 4358 1275 4433 ἀναβολήν
1297 4368 1390 4421 schin.

253 4447 287 4490 83.
344 4476 351 4489 .
389 4474 395 4488 .
