2850 4956
479 356 527 413 An
546 357 645 413 SOPH.
663 356 709 412 11.
745 358 778 414 V.
792 358 815 413 2.
1189 360 1224 417 te

62 514 143 582 VII.
168 516 219 580 28.
247 509 479 603 ὑφαρπάσαι.
509 513 720 580 Hermannus
746 537 824 581 vero
854 515 1019 582 existimat
1038 517 1104 583 hoc
1124 517 1224 584 modo

62 605 175 690 inepte
197 601 346 669 additum
369 626 440 670 esse
463 601 549 686 τινά,
570 604 745 688 locumque
767 605 813 669 ita
834 605 1078 691 interpretatur:
1101 628 1226 689 semper

64 703 181 777 coptos
212 697 494 776 opportunitatem,
524 714 587 776 φαο
611 703 733 759 tentore
755 696 877 759 hostem
896 700 1024 777 possit,
1053 694 1105 760 ἀεὶ
1127 698 1225 780 θηρᾷ

62 779 185 866 πεῖράν
217 781 281 847 τιν’
308 784 452 869 ἐχθρῶν,
487 779 636 864 ἁρπάσαι
671 782 741 850 soil.
770 780 889 862 αὐτήν,
916 783 1075 849 infinitivo
1104 785 1226 850 extrin-

64 894 162 937 secus
191 893 354 958 appenso,
383 879 420 936 ut
448 871 482 936 in
503 872 584 936 locis
608 895 627 936 a
649 871 797 938 Porsono
820 871 925 937 allatis
948 871 990 937 ad
1011 871 1103 937 Med.
1129 874 1223 939 1396.

62 960 192 1027 Verum
213 960 305 1043 haec,
330 982 478 1045 quaeque
500 967 668 1046 praeterea
690 985 710 1026 a
732 961 853 1027 nostris
875 959 1107 1026 Grammaticis
1128 961 1226 1026 allata

64 1059 145 1115 sunt
165 1057 222 1114 aut
243 1072 343 1136 porro
365 1072 386 1114 a
407 1050 500 1115 nobis
523 1049 697 1116 afferentur
718 1051 812 1135 ipsis,
833 1049 876 1115 ab
899 1072 949 1132 eo,
972 1049 1061 1134 quod
1080 1050 1115 1114 in
1131 1071 1226 1134 quae·

65 1139 172 1204 stione
194 1146 353 1220 versatur,
375 1140 488 1204 nescio
511 1139 676 1223 quomodo
699 1138 895 1225 discrepant.
932 1138 1022 1204 Nam
1040 1161 1141 1223 quum
1155 1162 1227 1203 ver-

64 1228 146 1293 bum
172 1230 291 1312 θηρηῖν
325 1235 358 1292 et
388 1250 462 1292 cum
491 1229 678 1294 accusativo
707 1229 853 1294 construi
874 1227 980 1313 possit
1002 1236 1037 1293 et
1059 1247 1133 1294 cum
1155 1226 1227 1292 infi-

65 1317 169 1382 nitivo
202 1324 240 1380 ut
267 1316 347 1380 Eur.
376 1315 453 1384 Hel.
476 1318 528 1382 63.
559 1319 656 1402 θηρᾷ
684 1328 802 1403 γαμεῖν
830 1341 887 1401 με.
915 1316 1073 1382 Anaxilas
1101 1316 1225 1382 Athen.

65 1405 165 1472 XIII.
184 1405 257 1470 558.
275 1402 313 1469 O.
330 1401 389 1470 τὸν
403 1408 515 1493 τρίτον
530 1405 712 1492 θηρεύεται
727 1408 773 1470 ἔτι
788 1407 914 1488 λαβεῖν.
937 1405 1122 1493 Theophyl.
1137 1404 1226 1470 Hist.

63 1494 117 1560 IV
119 1543 127 1557 .
146 1496 200 1575 16,
216 1494 290 1558 115.
305 1493 345 1558 Β.
366 1490 558 1580 συμμάχους
571 1497 711 1560 ἑλέσθαι
728 1492 935 1577 θηρώμενος,
957 1495 1109 1559 hocloco
1126 1493 1228 1559 ambi-

65 1606 170 1670 guum
198 1581 276 1664 erit,
304 1590 413 1648 utrum
440 1606 560 1650 nomeu
588 1581 628 1648 ab
656 1582 833 1665 infinitivo,
863 1582 1040 1648 infinitivus
1071 1590 1180 1648 autem
1208 1605 1228 1646 a

65 1670 168 1737 verbo
198 1679 346 1758 regatur,
383 1695 441 1754 an,
468 1679 506 1737 ut
533 1670 742 1758 Hermannus
771 1671 889 1753 voluit,
920 1674 1073 1756 θηρᾶται
1098 1680 1228 1756 πεῖραν,

68 1755 149 1837 ciere
173 1756 325 1844 ἁρπάσαι
348 1758 462 1840 αὐτήν.
507 1760 680 1847 Ejusmodi
701 1783 779 1826 vero
802 1760 995 1846 ambiguitas
1011 1760 1044 1824 in
1059 1759 1124 1825 illis
1138 1757 1229 1823 nulla

66 1856 135 1931 est,
164 1847 224 1915 sed
252 1849 400 1934 protinus
431 1858 569 1935 apparet
590 1849 784 1917 infinitivum
806 1849 911 1915 laxius
934 1848 1093 1935 pendere,
1121 1869 1228 1932 neque

66 1961 86 2004 a
113 1936 216 2003 verbo
244 1938 315 2025 regi
343 1937 516 2024 primario,
540 1947 596 2004 aut
619 1939 780 2023 quiahoc
804 1961 879 2004 oum
900 1938 1059 2006 infinitivo
1084 1936 1229 2003 construi

66 2027 201 2093 omniuo
234 2049 301 2092 non
334 2028 458 2113 patitur
490 2036 528 2092 ut
558 2027 683 2094 Herod.
708 2028 736 2094 Ι.
768 2030 841 2093 176.
872 2025 1016 2117 ὑφῆψαν
1043 2022 1104 2107 τὴν
1131 2023 1229 2091 πόλιν

66 2118 242 2194 καίεσθαι,
276 2123 333 2180 aut
362 2117 438 2200 quia
460 2119 531 2203 jam
560 2140 654 2182 suum
683 2127 716 2183 et
744 2117 913 2203 proprium
943 2138 1055 2182 casum
1082 2113 1146 2182 sibi
1173 2113 1251 2180 ad-·

63 2208 217 2292 junctum
245 2204 344 2275 habet
371 2205 414 2270 ad
441 2205 529 2271 hunc
557 2206 691 2283 modum
724 2207 942 2293 ἐπιχειροῦσιν
974 2210 1006 2271 οἱ
1040 2201 1133 2281 κύνες
1160 2212 1230 2279 τοῖς

66 2290 253 2380 προβάτοις
274 2303 467 2377 κακουργεῖν
489 2293 574 2360 Plat.
598 2293 669 2361 civ.
694 2295 754 2362 ΠΙ.
777 2298 853 2361 416.
877 2293 966 2378 quod
985 2293 1231 2362 Winokelman-

67 2405 131 2448 nus
161 2381 204 2447 ad
233 2383 412 2469 synchysin
442 2385 720 2451 constructionum
749 2385 849 2450 refert
879 2382 921 2448 ad
949 2382 1095 2470 Euthyd.
1118 2406 1152 2469 p.
1176 2384 1229 2449 41.

69 2470 166 2538 οὐδὲν
205 2468 348 2537 ἀλλοίαν
382 2473 513 2538 δέονται
546 2471 697 2560 ὀργάνων
731 2474 956 2559 εῖςενεχθῆναι
989 2471 1152 2559 Hippocr.
1190 2469 1231 2536 de

69 2560 198 2626 Attico.
221 2583 255 2645 p.
274 2562 347 2626 140.
371 2560 410 2625 Τ.
426 2559 487 2629 ΙΠ.
516 2559 642 2645 τιμάτω
672 2562 751 2628 ὅτου
780 2556 823 2627 άν
846 2563 925 2652 δοκῇ
949 2557 1040 2640 άξιος
1063 2557 1146 2626 εἶναι
1166 2581 1230 2624 πα-

69 2653 148 2715 θεῖν
168 2648 266 2715 Dem.
291 2671 319 2714 o.
343 2647 427 2714 Mid.
446 2651 522 2732 529,
546 2652 652 2736 221),
675 2659 731 2716 aut
753 2650 795 2716 ob
817 2658 1002 2733 utrumque,
1024 2647 1230 2756 Ρ1α1.Ιιεφς.

69 2737 115 2803 X.
139 2739 214 2802 899.
250 2737 293 2802 D.
332 2735 500 2821 ξυγγένειά
528 2743 578 2816 τίς
606 2762 642 2805 σε
673 2743 754 2804 θειά
783 2735 865 2822 πρὸς
893 2733 932 2802 τὸ
961 2736 1131 2828 ξύμφυτον
1160 2737 1273 2819 άμειτκ

69 2829 181 2912 τιμᾷν.
227 2825 397 2912 Aristoph.
419 2827 484 2895 Av.
500 2830 576 2892 411.
605 2830 655 2903 τίς
682 2830 761 2912 ἔρως
782 2828 905 2912 κομίζει
927 2820 1015 2890 αὐτά
1037 2820 1121 2910 πρὸς
1143 2819 1232 2909 ὅρνι-

71 2918 141 2991 θας
169 2917 293 2980 ἐλθεῖν.
345 2915 498 3000 Denique
527 2916 555 2980 si
578 2915 657 3000 quid
678 2916 829 3003 ambigue
854 2914 976 2980 dictum
1000 2923 1049 2980 est
1072 2922 1109 2980 ut
1131 2911 1231 2999 Soph.

70 3003 121 3069 El.
144 3004 220 3071 364.
252 3006 312 3086 τῆς
341 3007 402 3084 σῆς
432 3003 490 3070 οὐκ
513 3007 576 3091 ἐρῶ
597 3009 695 3090 τιμῆς
717 3014 824 3090 τυχεῖν
835 3005 880 3088 ²),
902 3003 1029 3069 Aelian.
1053 3000 1096 3069 V.
1119 3002 1165 3070 H.
1187 3001 1231 3069 H.

71 3094 124 3176 41,
152 3094 225 3158 128.
257 3090 407 3179 ἀκρατῶς
436 3095 537 3179 ἑδίφα
568 3092 659 3161 οἴνου
688 3100 809 3172 πίνειν,
839 3092 940 3159 Diod.
964 3092 1008 3159 V.
1026 3095 1079 3158 73.
1100 3091 1233 3175 Ἀθηνᾷ

70 3177 297 3266 προςάπτουσι
320 3175 469 3264 τὴντῶν
492 3184 612 3248 ἐλαίαν
635 3187 773 3271 φυτείαν
796 3184 1014 3267 παραδοῦναι,
1044 3204 1141 3266 quem
1162 3180 1234 3246 infi-

71 3270 209 3336 nitivum
232 3269 335 3335 omitti
357 3271 503 3356 potuisse
527 3271 625 3338 docet
647 3270 817 3340 Strabonis
841 3272 1026 3358 exemplum
1040 3270 1138 3339 XIV.
1157 3272 1233 3336 572.

71 3353 146 3437 τοὺς
170 3355 347 3436 θανάτους
369 3356 596 3447 προςάτιτουσι
618 3358 748 3440 τούτοις
769 3371 840 3438 τοῖς
863 3363 967 3439 θεοῖς,
995 3360 1029 3425 in
1051 3361 1101 3427 his
1123 3360 1234 3448 igitur,

72 3448 139 3516 sive
163 3447 344 3515 infinitivus
368 3470 442 3516 oum
465 3471 546 3516 casu
567 3471 626 3517 suo
650 3473 690 3518 ex
712 3451 813 3519 verbo
835 3449 958 3537 pendet
980 3450 1048 3516 sive
1070 3449 1234 3537 perfectae

71 3647 273 3656 -—--—-——

145 3768 171 3835 ¹)
191 3772 234 3839 Sic
258 3773 398 3836 obliquavit
420 3774 497 3824 verba
515 3774 636 3838 legitima,
657 3789 722 3838 quae
740 3775 858 3840 leguntur
878 3789 899 3824 c.
919 3774 1031 3826 (llmocr.
1048 3771 1110 3836 720,
1130 3771 1172 3824 28.
1190 3788 1234 3821 τι-

71 3837 151 3908 μάτω
178 3834 208 3904 ὅ,
231 3858 260 3892 τι
282 3834 318 3892 άν
342 3838 409 3912 δοκῇ
433 3835 508 3902 άξισε
531 3841 604 3894 εἶναι
622 3842 737 3896 παθεῖν.
779 3847 945 3911 Antiphontis
963 3847 1040 3896 verba
1057 3845 1135 3910 Apol.
1155 3843 1233 3895 and.

73 3917 130 3978 lll,
150 3916 202 3970 2⁷.
214 3908 343 3977 πάντων,
368 3901 409 3964 ὧν
432 3915 479 3980 ἐμὲ
504 3907 582 3974 άξιόν
605 3930 671 3984 φασι
694 3914 799 3968 παθεῖν
818 3914 892 3968 εῖναι
909 3926 935 3970 et
952 3919 996 3970 illo
1014 3917 1092 3968 modo
1112 3914 1234 3980 explicari

73 3995 97 4039 et
113 3989 148 4038 ad
168 3988 346 4039 attractionem
364 3988 454 4038 referri
472 3997 587 4053 possunt.

145 4090 172 4155 ²)
191 4093 287 4143 Aeson.
313 4093 401 4158 Suppl.
428 4093 487 4144 εει.
511 4077 551 4142 λι
573 4087 603 4143 ι’
623 4093 691 4163 ερας
714 4093 768 4156 ιη..
789 4095 890 4156 texta.
939 4095 998 4145 uus.
1023 4093 1081 4144 ner.
1099 4091 1159 4142 υτ.
1184 4083 1235 4140 ιιι

74 4156 203 4230 ἀξιοῦμαι
225 4158 309 4214 τοῦδε
332 4165 438 4226 τυχεῖν,
462 4165 538 4215 Dem.
556 4181 582 4230 p.
602 4165 661 4216 Gor.
681 4165 741 4228 349,
761 4166 785 4218 5.
809 4161 941 4225 ἐξέκλειον
963 4158 1047 4233 λόγον
1064 4165 1170 4225 τυχεῖν,
1191 4163 1236 4226 qui

73 4237 211 4287 infinitivus
239 4237 320 4287 multo
351 4237 451 4288 facilius
475 4238 558 4288 omitti
581 4245 681 4301 poterat
704 4253 780 4301 quam
802 4239 845 4288 ille
867 4239 932 4288 Plat.
957 4236 1012 4287 Oiv.
1031 4235 1101 4285 VIII.
1121 4233 1181 4284 556.
1204 4234 1234 4285 Ε.

74 4306 151 4372 σῶμα
169 4301 291 4359 νοσῶδεε
309 4305 421 4376 σμικρᾶς
437 4304 525 4378 ῥοπῆς
542 4302 631 4358 δεῖται
648 4303 864 4379 προσλαβέσθαι,
886 4310 925 4359 vel
943 4307 1022 4371 Soph.
1040 4305 1106 4356 Phil.
1124 4304 1166 4356 63.
1186 4297 1236 4354 οὐκ

75 4370 196 4440 ἠξίωσάν
214 4377 321 4429 τετῶν
340 4369 434 4430 ὅπλον
452 4371 566 4430 ἐλθόντι
583 4373 688 4444 δοῦναι,
707 4396 783 4445 quem
800 4382 885 4432 locum
903 4380 1073 4429 Butunaunus
1090 4377 1175 4430 minus
1194 4393 1236 4432 ac·

75 4459 158 4502 curate
177 4467 236 4503 cum
254 4468 277 4500 v.
290 4451 332 4502 81.
352 4453 491 4515 contendit,
509 4453 554 4502 ubi
572 4441 623 4515 ἡδὺ
643 4447 739 4518 λαβεῖν
756 4453 877 4516 conjungi
894 4456 1009 4514 possunt.
