2858 4964
208 337 242 391 78
648 337 922 393 COMMENTARIUS

205 492 265 559 IV.
291 495 364 558 347.
395 501 428 560 et
454 491 605 578 χνοάζων
628 491 715 579 κάρα
739 492 823 562 Oed.
847 494 886 560 Τ.
911 496 986 560 742.
1010 494 1063 560 vel
1086 497 1155 582 ejus
1178 495 1241 578 rei,
1266 514 1363 580 quarn

206 582 323 666 aliquis
352 580 587 663 efflpreseendo
609 584 662 656 vel
684 583 801 648 florum
824 583 926 649 instar
947 583 1115 669 producit:
1145 583 1251 671 ἀχράς
1275 583 1362 650 θάλ-

206 674 310 736 λουσα
340 669 473 757 ὀπώρην
502 671 640 737 Leonid.
670 672 746 738 Tar.
775 672 840 759 Epi
883 721 889 736 .
919 672 1047 740 XLIV.
1076 670 1164 759 ὕδωρ
1196 669 1362 759 Πειρήνης

206 756 349 840 θηλήσει
378 765 483 843 μέγαν
511 758 583 825 υἱόν
611 761 706 826 Alex.
730 762 805 826 Aet.
864 764 919 826 .9.
949 763 1069 837 λίθοιις
1099 757 1155 837 οὓς
1186 758 1286 848 φύσις
1309 757 1361 841 ἤν-

207 850 294 926 θησε
322 848 424 911 Anth.
457 848 526 912 Pal.
556 849 582 914 1.
611 849 674 935 Ep.
702 853 759 933 10,
783 852 834 915 62.
870 855 938 914 πᾶν
967 844 1003 914 τό
1032 852 1147 914 πεδίον
1176 846 1361 929 ἐξήνθησεν

205 935 370 1021 ἁλμυρίδα
393 936 480 1001 Plut.
505 935 545 1001 de
561 938 644 1002 Mul.
662 938 745 1004 Virt.
769 962 801 1024 p.
821 940 896 1005 276.
912 938 952 1003 Τ.
968 937 1059 1004 VIII.
1085 932 1121 1003 τό
1139 941 1234 1020 σῶμα
1251 937 1361 1027 φλόγα

205 1021 372 1105 ἐξήνθησε
394 1022 437 1091 V.
460 1025 556 1090 Alex.
587 1049 615 1091 c.
639 1026 809 1094 XXXIV.
838 1025 915 1110 βόες
937 1030 1091 1109 μελίττας
1114 1026 1298 1106 ἐξανθοῦσι
1320 1026 1359 1093 V.

207 1110 330 1180 Cleom.
366 1135 394 1178 o.
428 1114 602 1179 XXXIX.
637 1116 694 1200 (ut
728 1113 823 1191 εόλάς
855 1114 1033 1199 ἀναζέσαι)
1064 1121 1098 1180 αἱ
1127 1113 1265 1199 λαγόνες
1292 1119 1361 1198 μέλι

165 1216 194 1264 94
208 1200 389 1280 ἐξανθοῦσι
404 1202 565 1289 -Aloiphn
588 1203 648 1269 III.
674 1205 725 1269 23.
757 1212 790 1268 et
804 1214 876 1289 'per
902 1204 1145 1269 translationem
1173 1201 1211 1268 τὸ
1236 1202 1361 1287 φιλότι-

205 1313 270 1372 μον
305 1288 442 1368 ἐξανθεῖ
476 1289 537 1374 την
571 1294 846 1375 περιαυτολογίαν
879 1291 965 1356 Plut.
1001 1292 1040 1357 de
1073 1291 1161 1358 laud.
1191 1315 1304 1379 propr.
1334 1315 1359 1359 e.

205 1378 335 1444 XVIII.
371 1381 444 1444 210.
480 1380 518 1445 Τ.
546 1380 592 1446 X.
627 1381 684 1446 ubi
717 1380 871 1446 Reiskius
905 1389 1034 1466 praeter
1067 1403 1198 1446 eausam
1232 1379 1360 1460 ἐξαίθει

206 1466 370 1545 emendat3
393 1466 501 1533 πολλά
524 1473 580 1534 καὶ
604 1472 719 1553 ψαῦλα
741 1469 1011 1550 προεξανθοῦσιν
1034 1475 1069 1534 αἱ
1092 1466 1234 1552 μεγάλαι
1249 1467 1361 1556 ψῦοεις

206 1556 246 1621 de
270 1554 304 1622 S.
328 1555 372 1621 N.
397 1555 439 1621 V.
465 1579 493 1623 ο.
513 1556 573 1622 VI.
598 1559 672 1623 229.
698 1557 915 1641 quodminus
940 1564 1052 1623 ornate
1075 1557 1156 1622 dixit
1172 1559 1212 1622 ‘in
1235 1558 1279 1623 V.
1295 1557 1360 1624 De-

204 1653 297 1712 metr.
322 1667 350 1709 e.
366 1645 392 1709 I.
417 1649 472 1710 καὶ
495 1651 612 1722 κακίας
633 1648 781 1732 μεγάλας
802 1655 835 1711 αἱ
851 1644 992 1730 μεγάλαι
1008 1645 1122 1736 ψῦσεις
1137 1650 1312 1735 ἐκφέρουσι
1326 1649 1359 1729 ¹).

204 1733 401 1800 Faotitivum
429 1734 546 1799 horum
577 1737 720 1800 omnium
743 1735 868 1800 nullum
892 1735 958 1800 diei
980 1744 1099 1821 potest.
1144 1733 1261 1800 Latius
1284 1757 1360 1800 vero

205 1831 317 1909 patent
350 1821 450 1887 verba
481 1822 623 1888 lucendi.
679 1824 743 1889 His
778 1825 862 1889 enim
897 1824 952 1908 qui
986 1824 1117 1890 additur
1145 1825 1360 1908 aecusativus,

205 1921 333 1996 praeter
354 1921 492 1997 partem,
516 1935 581 1997 qua
604 1913 675 1997 quis
698 1913 802 2000 fulget
826 1913 980 1998 (exempli
1004 1936 1102 1979 eausa
1113 1913 1225 1998 χρῶτα
1242 1911 1362 1996 λάμπει

204 1999 316 2084 Pind.)
349 2001 490 2085 primum
523 2001 656 2066 modum
689 2001 826 2089 fulgoris
856 2001 1035 2089 significat,
1069 2011 1107 2068 ut
1134 2001 1174 2066 de
1204 2002 1360 2090 Typhoeo

205 2088 326 2155 Aeseh.
350 2089 457 2154 Prom.
476 2091 550 2155 356.
575 2089 609 2169 ἐξ
633 2087 791 2174 ὀμμάτων
814 2085 978 2179 ἤστραπτε
999 2086 1173 2179 γοργωπὸν
1190 2096 1297 2168 σέλας,
1322 2089 1360 2155 de

205 2177 318 2241 eodem
341 2178 495 2265 Apollod.
518 2178 563 2244 Il.
587 2182 620 2261 4,
644 2182 674 2244 9.
704 2174 806 2261 πυρός
829 2179 862 2258 ἐξ
886 2176 1044 2264 ὀμμάτων
1068 2183 1210 2262 ἔλαμπεν
1233 2179 1361 2262 α’ίγλην,

205 2265 246 2330 de
269 2265 390 2331 Medea
412 2266 554 2353 Philipp.
578 2266 692 2354 Epigr.
716 2267 808 2332 LIII.
831 2267 1057 2355 ὑπαστράπτει
1080 2266 1200 2354 ψόνιον
1221 2271 1298 2354 πῦρ,
1321 2266 1361 2333 de

205 2352 324 2420 Oreste
345 2355 425 2420 Eur.
452 2359 525 2421 747.
550 2357 675 2441 στίλβει
698 2353 852 2432 νοσώδεις
874 2354 1057 2441 ἀστραπάς,
1080 2356 1120 2422 de
1135 2356 1271 2422 Herone
1286 2357 1361 2422 Mu·

205 2465 300 2509 saeus
322 2468 353 2508 v.
371 2446 423 2510 55.
448 2444 668 2531 μαρμαρυγην
692 2443 978 2528 ἀπαστράπτουσα
1001 2443 1183 2528 προςάπου,
1206 2445 1359 2511 Philostr.

205 2531 246 2597 V.
266 2534 331 2618 Ap.
350 2533 409 2598 III.
427 2535 458 2611 8,
485 2535 557 2599 101.
583 2537 678 2600 λίθοι
700 2531 813 2598 πάντα
828 2531 1074 2617 ἀπαυγάζοντες
1086 2531 1258 2620 χρώματα,
1281 2557 1361 2619 quo·

203 2645 276 2687 rum
309 2621 457 2688 locorum
489 2645 526 2687 ea
554 2630 603 2688 est
631 2623 730 2705 ratio,
759 2630 796 2686 ut
823 2645 941 2687 nomen
970 2621 1061 2688 verbi
1091 2622 1361 2709 significationem

203 2719 360 2798 temperet
389 2710 627 2796 quodammodo
657 2720 752 2795 atque
781 2709 862 2776 adeo
886 2734 960 2776 eum
983 2710 1135 2776 adverbio
1158 2712 1211 2776 vel
1233 2713 1361 2799 generis

203 2802 349 2867 neutrius
383 2801 545 2888 adjectivo
581 2800 771 2866 commutari
798 2800 911 2886 possit.
969 2797 1121 2866 Secundo
1156 2801 1361 2866 accusativus

203 2889 338 2955 denotat
364 2913 450 2973 rem,
480 2912 562 2975 quae
592 2912 666 2955 eum
695 2889 822 2976 fulgore
853 2887 993 2973 quodam
1016 2888 1172 2975 proditur,
1204 2887 1361 2972 αὐθάδης

203 2975 325 3064 τρόπος
347 2976 504 3055 πολλάκις
525 2973 696 3063 βλαβεράν
720 2980 903 3062 ἐξέλαμψεν
919 2973 1004 3042 ὀίταν
1018 2978 1117 3066 Diog.
1134 2979 1159 3043 I.
1178 2979 1207 3063 ξ.
1224 2980 1278 3043 85.
1296 3001 1360 3063 quo

202 3064 275 3130 loeo
298 3064 495 3150 ἐξήνθησεν,
516 3075 554 3131 ut
577 3090 684 3153 supra,
709 3065 774 3131 dioi
796 3074 934 3152 poterat.
980 3067 1092 3132 Tertio
1113 3091 1192 3150 rem,
1214 3066 1362 3152 inquam

203 3153 313 3240 firlgor
345 3155 598 3239 transfunditur,
640 3157 762 3220 δαίδων
795 3151 946 3239 ἤστραψε
981 3158 1078 3233 σέλας
1112 3153 1362 3239 θαλαμηπόλον

185 3240 300 3322 ,εὐνήν
322 3241 411 3308 Mus.
439 3269 469 3308 v.
494 3245 567 3309 276.
599 3253 636 3309 ut
666 3246 883 3330 compositum
905 3241 997 3325 ἥλιος
1021 3243 1080 3323 την
1103 3247 1165 3326 γῆν
1188 3241 1361 3326 καταλάμ-

202 3354 255 3394 πει
278 3330 376 3396 Diod.
400 3332 427 3396 I.
452 3336 481 3396 7.
512 3354 575 3416 quo
599 3333 627 3398 si
650 3333 777 3399 aceedit
799 3356 918 3399 nomen
941 3332 1075 3420 fulgoris
1100 3331 1210 3414 effusi,
1239 3331 1361 3419 duplex

160 3456 163 3461 ·
204 3441 299 3485 casus
329 3423 439 3486 existit
469 3418 630 3512 ἐλλάμψει
652 3426 734 3487 πᾶσι
756 3416 818 3505 την
841 3426 965 3488 οἰκείαν
987 3419 1092 3513 φύσιν
1114 3421 1221 3486 Prool.
1246 3422 1280 3486 in
1304 3420 1362 3486 Al-

204 3508 264 3574 cib.
289 3507 316 3573 I.
343 3511 415 3575 181.
446 3508 485 3574 T.
509 3509 535 3575 Ι.
565 3509 615 3576 ed.
640 3508 755 3576 Oreuz.
786 3515 866 3576 νοῦν
895 3509 1108 3594 ἐλλάμπουσα
1135 3521 1208 3586 ταῖς
1237 3522 1362 3601 ψυχαῖς

201 3595 235 3661 in
258 3598 342 3663 Tim.
366 3598 408 3663 II.
434 3601 486 3664 96.
512 3605 646 3684 έσπερος
670 3596 908 3683 ἐπαστράπτων
931 3611 999 3676 τοῖς
1023 3597 1147 3682 ὀργίοις
1175 3592 1213 3664 τό
1238 3606 1362 3687 φέγγος

201 3685 327 3752 Himer.
358 3685 415 3754 Or.
446 3686 543 3753 XIV.
575 3690 634 3770 33,
665 3690 739 3754 666.
775 3692 873 3764 σέλας
901 3689 1130 3771 καταστίλβων
1157 3693 1190 3763 ἐς
1218 3684 1361 3769 βιότητα

200 3772 299 3842 Hom.
323 3776 368 3842 H.
392 3778 427 3842 in
448 3776 549 3842 Mart.
567 3776 643 3844 VII.
664 3779 714 3844 10.
759 3775 814 3841 Ab
837 3777 888 3842 his
910 3776 1059 3842 omnibus
1084 3775 1191 3840 differt
1213 3776 1362 3842 factitius.

200 3874 362 3956 potestaS,
396 3867 497 3933 veluti
531 3867 558 3932 si
584 3865 749 3951 Nauplius
779 3865 897 3932 dieitur
927 3863 1038 3930 δόλιον
1067 3863 1190 3952 ἀστέρα
1221 3863 1361 3950 λάμψας

200 3958 280 4025 Eur.
311 3956 387 4023 Hel.
413 3958 508 4022 1131.
545 3951 703 4040 μολόντες
739 3951 944 4040 ἐκλάμψουσι
975 3950 1138 4038 θυμάτων
1168 3955 1267 4031 σέλας
1294 3955 1360 4041 Ly·

159 4071 188 4117 ει
202 4048 314 4135 oophr.
332 4048 428 4114 1090.
452 4040 490 4111 τό
514 4047 585 4135 ψῦς
607 4040 708 4111 πάλιν
731 4039 885 4131 λαμπρὰν
901 4039 1095 4133 ἀναλάμψει
1110 4040 1128 4108 ὀ
1145 4039 1257 4129 κύριος
1272 4042 1358 4111 Plut.

275 4265 299 4346 ¹.)
318 4285 382 4335 Plut.
407 4285 482 4334 Polit.
504 4283 563 4333 310.
589 4282 620 4331 D.
646 4272 758 4348 ἀνδρεία
781 4271 936 4328 τελευτῶσα
959 4273 1072 4335 ἐξανθεῖ
1093 4278 1209 4340 μανίαις.
1254 4279 1358 4329 Lucian.

200 4354 296 4417 Nigrin.
316 4353 337 4414 ξ.
358 4355 397 4406 16,
418 4347 501 4404 ἀνθεῖ
518 4347 631 4404 πολλαῖς
649 4353 694 4400 καὶ
712 4343 816 4421 ἀγρίαις
834 4347 1001 4416 ἐπιθυμίαις,
1021 4350 1065 4399 ubi
1084 4349 1292 4401 Hemstarhuaius
1312 4351 1360 4400 alis

201 4427 341 4490 adscripsit.
