2850 4956
703 325 969 379 Momm

400 486 405 490 ’
457 479 523 567 ὁρῶ
545 476 610 565 γὰρ
633 480 722 566 ἡμᾶς
744 479 839 548 οῦδὲν
862 478 961 559 ὄντας
984 475 1066 548 ἄλλο
1089 485 1175 565 πλην
1225 528 1227 530 ψ

457 583 573 663 εἴδωλ’,
598 581 733 671 ὅσοιπερ
756 586 871 669 ζῶμεν,
891 581 914 669 η’“
937 583 1067 675 κοῦφηυ
1090 586 1195 652 σκιάν.

749 715 779 762 A
785 713 916 766 ΘΗΝΑ.

464 799 609 861 Τοιαῦτα
633 799 744 860 τοίνυν
768 796 909 881 είςορῶν,
931 793 1119 878 ὑπέρκοπον

458 901 559 979 μηδέν
582 896 650 964 ποτ’
670 897 758 991 εἴπης
781 893 881 975 αὐτός
903 904 948 976 είς
971 894 1073 975 θεοὺς
1096 901 1179 976 ἐ’πος,

459 1002 536 1087 μηδ’
558 999 657 1088 ὄγκον
681 998 762 1096 όίρῃς
783 1002 912 1090 μηδέν’,
937 1004 965 1070 εἴ
985 1028 1075 1081 τινος
1097 1007 1196 1069 πλέον

459 1103 482 1186 εἲ
500 1110 584 1192 χειρὶ
606 1109 740 1194 βρίθεις
763 1103 785 1188 ἢ
806 1112 936 1195 μακροῦ
958 1105 1103 1174 πλοῦτον
1125 1105 1240 1189 βάθει.

342 1245 345 1252 ·
459 1210 501 1288 ῶς
525 1210 631 1295 ἡμέρα
654 1213 755 1279 κλίνει
777 1235 811 1276 τε
833 1208 970 1292 κάνάγει
992 1207 1093 1276 πάλιν

459 1314 592 1382 ἅπαντα
614 1313 847 1402 τάνθρώπεια·
872 1312 949 1394 τοῦς
972 1318 1005 1382 δέ
1029 1312 1205 1404 σώφρονας

461 1424 538 1487 θεοὶ
561 1422 696 1509 φιλοῦσι
717 1423 773 1486 καί
796 1423 950 1504 στυγοῦσι
972 1415 1049 1498 τοῦς
1071 1417 1198 1498 κακούς.

648 1547 860 1598 ΠΑΡΟΛΟΣ
874 1548 984 1598 XOPO
995 1547 1024 1600 Τ.

466 1625 650 1712 Τελαμώνιε
673 1638 742 1706 παῖ,
766 1631 824 1709 τῆς
848 1626 1036 1718 άμφιρῦτου

462 1733 662 1816 Σαλαμῖνος
685 1735 765 1817 έχων
787 1729 926 1818 βάθρον
949 1730 1118 1818 άγχιάλου,

504 1840 539 1904 σὲ
562 1840 622 1920 μὲν
644 1827 680 1903 εὖ
701 1833 883 1921 πράσσοντ)
904 1840 1073 1924 έπιχαίρω·

460 1943 497 2005 σὲ
520 1938 548 2005 δ’
568 1935 650 2004 ὄταν
673 1935 781 2022 πληγὴ
806 1936 891 2016 ΔιόςῚ
905 1933 937 2020 ἢ
953 1935 1092 2024 ζαμεινίγς

460 2043 558 2127 λόγος
581 2050 615 2110 έκ
638 2046 779 2112 Δαναῶν
801 2040 992 2130 κακόθρους
1014 2047 1119 2134 ἐπιβῇ,

460 2155 565 2234 μέγαν
588 2145 686 2217 ὄκνον
709 2153 769 2235 έχω
792 2152 848 2215 καὶ
870 2147 1067 2235 πεφόβημαι

507 2257 633 2335 πτηνῆς
656 2253 698 2332 ὠς
722 2249 814 2340 ὄμμα
837 2257 974 2332 πελείας.
1001 2291 1004 2300 ·

466 2357 516 2437 Ὡς
538 2363 594 2425 καὶ
617 2362 675 2441 τῆς
698 2365 758 2426 νῦν
780 2363 950 2450 φθιμένης
972 2355 1088 2437 νυκτός

345 2468 348 2474 “
461 2460 600 2547 μεγάλοι
622 2461 769 2552 θόρυβοι
792 2463 960 2550 κατέχουσ’
980 2463 1070 2551 ἡμᾶς

461 2572 513 2634 ἐπὶ
537 2570 695 2652 δυςκλείᾳ,
718 2572 754 2634 σὲ
776 2564 834 2634 τόν
857 2571 1030 2653 ίππομανῆ

463 2669 591 2756 λειμῶν’
611 2669 760 2756 ἐπιβάντ’
783 2669 896 2737 ὀλέσαι
919 2673 1059 2736 Δαναῶν

571 2772 658 2860 βοτά
680 2780 736 2842 καὶ
758 2779 858 2854 λείαν,

462 2877 544 2967 ἥπερ
568 2884 766 2965 δορίληπτος
788 2879 832 2945 ἴτ’
853 2871 895 2961 ἦν
917 2866 1028 2962 λοιπή,

506 2984 662 3050 κτείνοντ’
683 2983 808 3050 αἴθωνι
832 2982 964 3072 σιδήρῳ.

469 3085 621 3166 Τοιοόςὸε
645 3085 763 3173 λόγους
786 3086 955 3178 ψιθύρους
978 3084 1135 3176 πράσσων

464 3196 508 3266 είς
531 3182 598 3255 ῶτα
622 3197 713 3282 φέρει
736 3193 838 3256 πᾶσιν
864 3186 1038 3268 Ὀδυσσεὺς,

463 3296 519 3358 καὶ
542 3291 676 3383 σφόδρα
698 3296 828 3360 πείθει·
851 3298 924 3382 περὶ
947 3289 1011 3380 γάρ
1035 3295 1095 3360 σοῦ
1118 3293 1177 3356 νῦν

464 3398 615 3465 εῦπειστα
639 3402 739 3483 λέγει·
763 3401 818 3464 καὶ
841 3401 907 3476 πῶς
930 3397 948 3464 ὁ
971 3394 1077 3464 κλάων

463 3507 523 3573 τοῦ
544 3502 698 3584 λέξαντος
716 3506 825 3590 χαίρει
846 3506 983 3588 μᾶλλον,

506 3617 577 3683 τοῖς
599 3617 671 3684 σοῖς
693 3602 806 3692 άχεσιν
827 3605 1049 3693 καθυβρίζων.

470 3715 542 3779 Τῶν
564 3709 628 3799 γάρ
650 3709 802 3795 μεγάλων
823 3712 939 3797 ψυχῶν
960 3712 1020 3786 ἱείς

467 3814 525 3882 οῦκ
548 3810 591 3884 ὄίν
614 3813 773 3902 ἁμάρτοι·
795 3812 880 3880 κατά
903 3813 933 3879 δ’
953 3807 996 3879 όίν
1018 3837 1066 3890 τις
1089 3812 1169 3895 ἐμοῦ

463 3925 601 3988 τοιαῦτα
624 3925 727 4006 λέγων
750 3919 808 3987 οῦκ
831 3916 872 3988 σίν
895 3913 1027 3986 πείθοι·
1121 3926 1123 3931 ’

464 4023 546 4113 πρός
567 4023 631 4112 γάρ
653 4021 712 4093 τόν
735 4024 844 4110 ἔχονθ’
866 4024 884 4090 ό
907 4021 1044 4114 φθόνος
1066 4027 1163 4110 ἕρπει.

464 4136 574 4199 καίτοι
596 4135 727 4217 σμικροὶ
749 4129 901 4216 μεγάλων
920 4131 1021 4215 χωρὶς

466 4230 635 4324 σφαλερόν
657 4235 784 4324 πύργον
805 4237 894 4323 ῥῦμα
917 4234 1085 4298 πέλονται·

464 4336 549 4430 μετά
571 4336 636 4427 γάρ
658 4336 811 4426 μεγάλων
832 4332 930 4421 βαιός
954 4332 1060 4420 ἄριστ’
1079 4330 1130 4410 άν,
