2858 4964
439 328 487 384 au
506 329 604 386 sora.
623 330 668 387 ur.
705 333 737 387 v.
750 332 873 390 εε-εο.
1110 322 1118 340 ’
1202 344 1236 401 σε

166 485 279 552 V..⁵7.
326 483 488 574 Αὐτόχειρ
511 490 646 554 κτείνειν
669 491 756 576 ἔχων.
804 488 915 560 Schol.
938 502 972 559 et
987 495 1047 561 La.
1070 497 1236 588 γράφεται

74 578 213 641 κτείνειν
234 573 358 660 παρών.
405 574 442 643 Si
465 576 544 661 quid
566 577 601 642 in
616 578 764 664 ‘antiquis
786 579 878 647 libris
901 583 1060 650 variatum
1084 598 1149 671 est,
1176 615 1236 677 po·

75 665 141 730 tius
171 661 253 730 ἐλοίν
283 686 381 750 quam
411 663 526 748 παρών
553 665 654 732 fuisse
684 665 895 750 crediderim3
925 670 988 737 hoc
1012 677 1068 758 qui
1090 677 1235 766 adscrip-

76 761 191 820 serunt
217 753 332 840 primi,
363 754 501 820 lectores
523 754 697 821 admonere
720 757 892 823 voluerunt
914 760 1066 828 similium
1087 765 1235 834 locorum

74 869 104 908 v.
133 843 228 908 1131.
264 837 340 919 τοίις
366 839 540 920 θανόντας
576 842 636 909 οὐκ
665 847 722 927 ἐᾷς
751 842 896 912 θάπτειν
923 848 1054 934 παρών,
1082 877 1112 918 v.
1140 858 1233 923 1384.

75 930 151 996 οὐδ’
173 933 267 1010 ἔτλης
289 934 404 1016 παρών
427 933 617 1020 ἐφυβρίσαι,
640 933 696 999 ubi
717 933 872 1002 Reisl'rius
896 936 1083 1022 imprudens
1106 943 1140 1007 in
1166 945 1234 1031 pla·

74 1044 152 1108 gam
173 1018 299 1102 incidit,
322 1042 388 1084 non
404 1020 641 1104 animadverso,
662 1024 835 1110 participia
849 1025 976 1108 παρών,
997 1026 1120 1112 potua,
1143 1035 1234 1116 ἔχων,

75 1106 143 1190 ἰών,
167 1130 263 1194 saepe
287 1106 439 1196 φράσεως
462 1115 555 1174 ἕνεκα
577 1109 654 1175 addi
676 1119 773 1196 atquc
788 1113 841 1178 'ita
864 1122 900 1178 ut
922 1122 991 1179 tum
1014 1116 1099 1182 inter
1113 1141 1147 1185 se
1162 1144 1234 1206 per·

73 1197 194 1264 mutari
221 1205 295 1261 tum'
319 1197 416 1282 plane
446 1199 550 1264 omitti
579 1200 714 1285 possint.
766 1201 897 1267 Dehinc
925 1207 1143 1290 conjecturam
1170 1209 1234 1275 feci

73 1288 108 1352 in
131 1286 210 1353 Eur.
226 1285 359 1352 Heracl.
377 1289 452 1351 416.
476 1290 531 1352 καὶ
553 1291 613 1353 νῦν
636 1284 753 1374 πικρὸν
776 1283 821 1355 clv
843 1289 1016 1369 συστάσεις
1039 1286 1081 1359 σίν
1105 1300 1234 1375 είςίδοις

73 1373 283 1441 scribendum
312 1397 383 1440 csse
410 1378 466 1440 καί
490 1379 550 1440 νῦν
572 1372 687 1458 παρών
709 1372 752 1442 σ’ίν
774 1379 852 1462 [nisi
874 1380 983 1465 potius
1008 1404 1025 1445 e
1049 1383 1145 1452 codd.
1168 1386 1234 1452 lec-

73 1465 164 1530 tione
186 1458 306 1548 πικράς
330 1463 548 1550 colligendum
564 1473 614 1530 cst
628 1464 720 1530 illum
735 1464 859 1543 πυκνάς
873 1469 1066 1554 scripsisse}
1114 1471 1233 1554 Quem·

73 1551 251 1618 admodum
287 1550 490 1618 scholiastae
522 1552 692 1619 Homerici
726 1553 840 1620 sedulo
871 1555 1025 1622 adnotare
1053 1560 1172 1645 solent,
1206 1564 1234 1628 si

72 1641 154 1727 quid
177 1649 274 1727 poeta
301 1640 437 1707 diversis
459 1642 542 1708 locis
564 1641 686 1729 pariter
709 1643 903 1726 enuntiavit,
925 1645 972 1710 ita
995 1646 1149 1714 credibile
1171 1661 1232 1733 est,

72 1730 163 1816 quod
190 1755 223 1798 v.
240 1731 315 1796 312.
344 1730 466 1816 legitur
495 1733 567 1814 ἐμοὶ
596 1724 639 1794 τά
668 1730 750 1796 δείν’
772 1732 966 1813 ὲπηπείλησ’
992 1737 1061 1814 ἔπη,
1085 1736 1233 1803 similitu-

73 1820 158 1885 dinis
189 1842 267 1906 ergo
298 1818 498 1906 adscriptum
527 1841 599 1884 csse
628 1820 737 1885 versui
760 1822 835 1887 650.
865 1818 906 1885 τά
937 1820 1020 1887 δείν’
1039 1829 1233 1910 ἐκαρτέρουν

73 1906 159 1992 τότε,
190 1916 223 1972 et
256 1908 320 1973 hoc
343 1911 412 1995 jam
440 1931 500 1994 pro
524 1907 652 1974 diversa
675 1908 784 1974 afferri
805 1909 953 1975 lectione.
1004 1911 1108 1976 Aliud
1135 1913 1232 2001 hujus

72 1999 120 2063 rei
143 1997 326 2083 exemplum
348 1997 483 2083 praebet
506 1996 579 2064 cod.
603 1996 678 2063 Jen.
702 2021 733 2062 v.
751 1999 825 2065 327.
873 2000 962 2064 Inter
985 2007 1108 2066 ceteras
1125 2011 1233 2068 autem

71 2086 230 2152 lectiones
253 2085 480 2153 aScholiastis
505 2095 770 2152 commemoratas
794 2086 883 2152 nulla
899 2095 958 2169 est,
982 2111 1063 2173 quae
1081 2090 1232 2178 vulgatae

72 2175 231 2263 praeferri
258 2184 436 2258 mereatur,
471 2197 536 2239 una
564 2197 595 2241 v.
619 2176 713 2240 1056.
749 2174 793 2252 ὡς
820 2172 979 2258 ἐλοιδόρει
1007 2200 1048 2242 ex
1076 2178 1233 2246 mendosa

72 2266 235 2350 scriptura
257 2264 415 2350 profecta,
437 2263 610 2348 pleraeque
633 2271 688 2328 aut
710 2264 943 2349 interpretandi
966 2285 1064 2332 causa
1086 2266 1232 2355 adscrip-

71 2362 124 2420 tae
154 2377 186 2420 v.
216 2352 258 2417 ad
285 2377 316 2420 v.
342 2355 415 2418 616.
446 2361 503 2416 aut
532 2351 652 2417 similes
680 2352 736 2435 iis,
765 2375 844 2437 quas
874 2351 988 2419 Critici
1017 2354 1099 2420 male
1128 2355 1232 2422 seduli

71 2442 225 2508 fabricari
260 2441 366 2506 solent
392 2440 481 2506 nullo
510 2449 681 2526 corruptae
710 2441 888 2528 scripturae
915 2441 1037 2507 indicio
1073 2443 1130 2510 sed
1164 2445 1232 2510 sola

71 2531 260 2597 mutationis
289 2529 444 2595 facilitate
474 2528 594 2619 allecti3
626 2528 715 2613 quod
743 2552 845 2615 genus
867 2555 898 2597 v.
922 2532 998 2596 404.
1021 2543 1080 2596 ποῖ
1102 2544 1151 2607 τις
1173 2525 1231 2599 οὖν

72 2620 180 2706 τράπῃ
210 2619 344 2684 affertur
370 2642 431 2705 pro
462 2615 560 2709 φάγῃ,
590 2642 621 2683 v.
640 2620 714 2685 564.
744 2612 895 2706 φρουράν
918 2621 998 2703 ἔχων
1020 2643 1080 2705 pro
1106 2616 1231 2702 θήραν,

72 2734 102 2775 v.
127 2709 203 2774 582.
233 2705 395 2793 τραύματι
423 2729 484 2792 pro
512 2703 657 2788 arripare,
685 2731 716 2773 v.
736 2708 831 2774 1104.
855 2698 876 2786 ἢ
898 2706 954 2771 καί
977 2710 1071 2772 τοῦδε
1096 2711 1150 2773 σοί
1171 2731 1232 2792 pro

72 2791 93 2876 ἢ
122 2800 180 2862 καὶ
209 2799 290 2879 τῷδε
321 2800 372 2878 σὲ,
403 2793 584 2882 cujusmodi
607 2793 847 2860 emendationes
871 2793 996 2859 scilicet
1019 2817 1115 2880 saepe
1138 2796 1232 2860 nobis
1276 2873 1278 2875 ,

72 2886 179 2951 aliena
207 2884 307 2950 verba
336 2883 644 2950 transscribentibus
675 2881 829 2947 excidunt
862 2882 1040 2968 perinvitis.
1097 2883 1232 2948 Illorum

73 2985 166 3041 certe.
190 2974 270 3039 nihil
298 2982 363 3055 est,
392 2972 481 3058 quod
505 2994 522 3036 e
545 2971 681 3057 Didymi
699 2971 755 3036 vel
778 2971 829 3036 Pii
857 2971 909 3035 vel
931 2970 1147 3055 Praxiphanis
1177 2993 1232 3036 ex-

62 3063 270 3151 emplaribus
300 3062 453 3127 haustum
481 3082 552 3127 esse
582 3069 754 3146 praestem.
800 3058 861 3126 En.
885 3058 942 3126 Pu.
986 3058 1096 3145 Hujus
1115 3058 1232 3146 judicii

70 3153 176 3219 nostri
200 3151 240 3216 ab
257 3149 392 3218 Osanno
413 3149 596 3238 impugnati
617 3148 767 3234 probatio
783 3147 1019 3233 potentissima,
1043 3146 1132 3231 quod
1156 3147 1232 3215 snb·
1290 3162 1292 3166 ’

72 3242 203 3327 sequuti
230 3240 371 3306 editores
394 3263 434 3305 ne
458 3262 555 3321 unam
578 3237 709 3322 quidem
731 3237 860 3302 illarum
880 3236 1056 3302 lectionum
1079 3258 1232 3322 suscepe-

72 3340 149 3398 rant
176 3338 307 3417 praeter
335 3331 520 3411 βλέποντας
536 3352 578 3391 ν.
602 3327 676 3392 273.
706 3325 746 3390 ab
770 3324 959 3390 Hermanno
983 3323 1145 3390 adscitum
1174 3324 1232 3391 sed

73 3425 230 3508 rejectum
252 3440 365 3484 rursus
387 3441 406 3482 a
428 3415 612 3482 Dindorfio.

161 3506 205 3574 V.
223 3509 275 3572 58.
308 3503 377 3572 Ὅτ’
397 3500 510 3571 ἄλλοτ’
531 3499 648 3586 ἄλλον,
669 3503 840 3586 ἑμπιτνῶν,
857 3502 1100 3588 στρατηλατῶν.
1130 3497 1232 3568 Scho-

73 3595 202 3661 liastes:
233 3592 285 3660 ὅτ’
313 3590 432 3660 ἄλλοτ’
456 3589 560 3659 ἄλλον
588 3589 772 3666 οίσννδέτως
798 3587 935 3676 εἴρηκεν.
987 3588 1058 3652 Aut
1081 3610 1143 3674 ego
1165 3612 1288 3658 non1os

75 3685 152 3750 satis
182 3683 307 3749 attendi
334 3692 390 3750 aut
417 3681 481 3748 hoc
512 3677 565 3746 ὅτ’
586 3674 704 3745 ἄλλοτε
731 3699 791 3765 pro
821 3675 875 3742 ὁτὲ
904 3678 939 3740 δέ
968 3675 1020 3742 vel
1050 3672 1167 3742 άλλοτε
1197 3679 1232 3741 δέ

75 3773 151 3839 alibi
180 3796 246 3838 non
274 3772 409 3858 legitur,
438 3769 497 3837 sed
520 3768 624 3836 simile
647 3775 756 3833 tamen
779 3763 934 3850 quiddam
956 3767 1058 3829 ίνίοτε
1083 3765 1232 3846 δέχονται

75 3857 134 3943 τὴν
156 3865 222 3927 τῶν
246 3858 391 3945 ἀγαθῶν
414 3854 578 3924 ἔστινὸτι
602 3853 703 3947 φύσιν
724 3853 808 3919 Plat.
825 3852 957 3919 Phileb.
980 3876 1012 3940 p.
1030 3853 1082 3918 32.
1106 3852 1149 3916 D.
1187 3850 1232 3916 Et

77 3949 168 4019 τοῦτ’
191 3946 274 4016 ἄλλο
305 3946 389 4017 Oed.
418 3947 458 4014 T.
480 3948 555 4014 603.
585 3942 677 4010 τοῦτ’
705 3935 808 4019 αὖθις
835 3941 914 4006 Ant.
942 3942 1015 4008 167.
1044 3961 1105 4026 pro
1134 3941 1231 4003 τοῦτο
1341 3977 1343 3981 .

78 4042 109 4106 dt
138 4036 258 4107 ualent.
312 4036 511 4106 Scholiastes
539 4034 635 4101 Rom.
656 4031 843 4114 Ἐμπίπτων
871 4029 961 4114 (sic)
990 4027 1154 4116 γράφεται
1177 4031 1232 4106 ἐμ·

78 4124 183 4194 πεσὼν
206 4121 228 4207 ἢ
251 4131 422 4208 ἑμπιτνῶν.
469 4123 536 4192 Sed
558 4120 670 4191 Schol.
692 4119 791 4186 Laur.
816 4120 978 4202 ἐμπιτνῶν
999 4139 1049 4201 γρ.
1073 4109 1231 4195 ἐμπεσών.

79 4214 182 4282 codd.
200 4218 238 4279 Γ.
253 4214 314 4280 Ιιο.
338 4216 505 4296 ἐμπίπτων
527 4236 576 4297 γρ.
601 4206 760 4295 ὲμπεσιίν.
799 4205 909 4273 Ceteri
928 4205 1100 4287 εμπιτνῶν,
1123 4199 1232 4266 nullus
1322 4206 1324 4208 ’

80 4300 256 4384 ἐμπιτνιίν,
286 4301 374 4386 quod
396 4299 587 4365 Dindorfius
616 4297 734 4381 edidit,
763 4295 882 4361 nedum
906 4294 1076 4377 ἐμπίτνων.
1130 4289 1233 4354 'lacet

80 4388 265 4481 Elmslcjus.
