2858 4964
212 348 263 402 126
642 339 923 400 COMMENTARIUS
1048 400 1050 407 .

211 502 383 580 successit3
402 500 632 567 infinitivorum
648 500 729 566 haec
745 510 822 567 sunt
837 503 1001 588 exempla:
1024 500 1143 567 ἔσεσθ’
1163 501 1274 567 Prom.
1292 504 1368 570 841.

210 614 314 676 nuper
338 589 488 656 codicum
504 613 567 676 ope
583 589 800 672 emendatum,
825 588 971 669 σώζεσθ’
990 589 1063 676 Ipln
1080 590 1119 654 Τ.
1137 593 1212 657 679.
1228 589 1365 658 θεᾶσθ’

209 679 341 767 Fragm.
371 677 490 765 Oedip.
514 679 573 744 VI.
602 677 720 762 quibus
750 679 805 744 alii
834 679 926 744 aliter
955 678 1134 746 medentur.
1182 677 1250 746 Sed
1274 679 1369 766 diph-

178 846 181 849 ,
209 768 368 856 thongum
398 768 527 833 finalem
554 767 744 832 nominativi
773 768 907 853 pluralis
939 767 1016 833 elidi
1038 791 1135 853 posse
1158 768 1241 834 falso
1267 767 1370 834 credi·

209 867 290 937 tur3«
310 881 385 922 nam
413 858 447 921 in
469 856 569 922 Herc.
596 857 669 920 858.
699 852 795 934 ἥλιον
823 855 1089 942 μαρτυρόμεσθα
1113 860 1201 944 δρωσ
1238 884 1261 921 α
1285 860 1369 942 δρᾷν

212 946 250 1011 οὐ
278 943 458 1030 βούλομαι,
488 954 521 1010 et
542 945 611 1011 Ion.
639 946 733 1009 1261.
762 942 976 1027 διωκόμεσθα
1001 948 1125 1028 Πυθίᾳ
1153 943 1205 1031 εγή
1236 971 1262 1029 ῳ
1290 969 1368 1032 κραν

211 1033 350 1115 παθεῖν’
369 1043 504 1119 uterque
528 1055 682 1099 numerus
706 1034 862 1100 confusus
886 1041 945 1116 est,
970 1032 1059 1118 quod
1081 1056 1179 1119 saepe
1226 1042 1241 1098 t
1264 1034 1370 1099 diver·

212 1145 265 1188 sas
293 1122 335 1188 ob
365 1145 487 1188 causas.
540 1123 684 1187 Primum
713 1125 867 1188 numerus
896 1130 1039 1188 mutatur
1066 1123 1100 1187 in
1123 1124 1290 1188 enuntiato
1314 1121 1370 1187 ad·

207 1214 333 1298 juncto,
358 1217 385 1277 εί
406 1209 628 1290 κωλυόμεσθα
651 1206 698 1294 μή
720 1215 848 1295 μαθεῖν
871 1206 894 1274 οἳ
916 1210 1080 1294 βούλομαι
1094 1212 1164 1276 Ion.
1181 1213 1257 1278 391.
1282 1211 1370 1296 quod

212 1299 421 1367 Herodianus
450 1300 490 1366 de
512 1301 585 1388 Fig.
609 1324 642 1387 p.
659 1301 712 1364 48.
736 1309 768 1365 et
790 1298 900 1366 Schol.
925 1299 1008 1365 Ven.
1034 1303 1077 1366 N.
1095 1302 1169 1365 257.
1199 1301 1370 1366 conferunt

212 1389 378 1455 homerico
408 1388 614 1472 κατεάξαμεν
642 1383 661 1452 δ
689 1392 768 1472 ιιρλυ
797 1392 943 1474 ἔχεσκον,
979 1411 1085 1473 neque
1115 1388 1280 1455 abstinent
1309 1387 1370 1454 hac

213 1480 361 1566 enallage
395 1479 570 1564 scriptores
605 1477 747 1542 numeris
782 1477 898 1559 soluti,
932 1476 1074 1545 Pausan.
1098 1478 1190 1544 VIII.
1224 1481 1263 1562 6,
1290 1481 1319 1542 1.
1347 1472 1369 1540 δ

213 1564 374 1651 εὕρισκον,
397 1566 664 1650 ἀποθησόμεθα.
705 1566 759 1651 [V.
777 1563 937 1653 Gettfing.
961 1566 1003 1631 ad
1017 1565 1098 1632 Hcs.
1115 1565 1206 1632 Scut.
1231 1592 1262 1632 v.
1281 1565 1367 1650 327.]

212 1656 298 1723 Aliis
320 1658 355 1722 in
377 1657 458 1722 locis
481 1656 632 1742 syllepsis
656 1652 787 1733 obtinet,
810 1664 847 1720 ut
862 1654 1002 1720 Philoct.
1020 1657 1093 1720 646.
1114 1657 1273 1742 χωρῶμεν
1295 1652 1369 1740 (lyd

213 1749 268 1811 καὶ
298 1741 353 1831 σίν)
384 1748 526 1812 ἔνδοθεν
548 1742 661 1826 λαβωυ
684 1739 763 1809 ὅτου
787 1767 822 1809 σε
841 1748 937 1828 χρεία
961 1748 1037 1830 ἔχει,
1068 1743 1255 1828 quodcum
1278 1744 1369 1809 dissi-

213 1834 356 1900 millimis
380 1835 546 1921 componit
568 1831 759 1899 Eustathius
782 1855 814 1917 p.
833 1834 907 1908 236,
932 1834 983 1898 38.
1017 1831 1092 1918 [alia
1114 1831 1243 1898 addidit
1265 1833 1369 1898 Elms·

162 2010 166 2011 ⁷
213 1923 296 2009 lejus
326 1923 369 1988 ad
389 1922 481 1988 Med.
506 1923 580 1989 552.
606 1923 646 1988 cf.
670 1919 832 1986 Matthiae
856 1919 899 1987 ad
921 1921 991 1986 Ion.
1009 1921 1098 2007 254]
1144 1921 1200 1987 Ab
1225 1922 1290 1987 hoc
1313 1921 1369 1987 dif-

213 2012 277 2076 lert
298 2012 454 2097 paullum,
478 2013 506 2077 si
529 2036 569 2077 ex
591 2009 738 2097 pluribus
761 2033 826 2075 una
848 2010 1030 2097 appellatur
1052 2032 1192 2095 persona
1207 2012 1368 2098 primaria,

215 2101 279 2164 Ζεῦ
307 2097 426 2183 πάτερ,
456 2107 483 2165 εὶ
512 2099 552 2183 μ’
577 2103 750 2176 ἐθέλοντες
774 2094 866 2181 ἤγετ’
891 2095 976 2183 ἐμήν
1004 2105 1036 2175 ἐς
1057 2110 1158 2183 γαῖαν
1181 2097 1249 2166 Od.
1273 2099 1366 2165 XIX.

215 2189 268 2254 98.
299 2187 387 2271 quod
413 2189 521 2273 ipsum
548 2188 588 2254 ab
611 2188 784 2254 Eustathio
815 2184 1033 2266 συλληπτικόν
1059 2197 1196 2253 vocatur
1219 2212 1259 2274 p.
1280 2190 1368 2269 1885,

216 2276 246 2340 5.
278 2285 311 2340 et
340 2285 389 2341 est
417 2299 493 2341 sane
524 2276 601 2343 huic
630 2277 741 2365 generi
769 2277 951 2364 subjectum
979 2275 1038 2342 sed
1064 2278 1169 2364 magis
1198 2285 1312 2344 tamen
1334 2275 1368 2342 ad

216 2363 348 2429 schema
371 2363 448 2429 κατ’
469 2364 585 2449 ὲξοχήν
607 2365 751 2448 inclinat,
773 2366 863 2432 velut
878 2365 906 2432 si
922 2365 1070 2432 vocativo
1087 2366 1264 2453 singularis
1280 2375 1369 2432 utun·

215 2461 271 2518 tur
298 2454 354 2538 qui
382 2454 564 2539 complures
588 2455 719 2539 quidem
742 2456 838 2520 simul
861 2453 1041 2520 sedunum
1064 2478 1175 2520 eorum
1197 2456 1368 2542 praecipue

216 2542 433 2628 alloquuntur,
456 2543 663 2625 πρυςίλθετ’,
688 2535 713 2607 τό
734 2554 797 2609 παῖ
816 2541 900 2609 Oed.
919 2541 957 2611 O.
978 2545 1072 2610 1104.
1095 2546 1210 2628 μῆτερ,
1235 2540 1369 2624 ελςηκοό-

216 2653 296 2698 σατε
318 2632 391 2718 Iph.
415 2632 458 2697 A.
486 2634 579 2698 1368.
605 2630 667 2698 οὐδ
674 2632 680 2654 '
700 2630 796 2716 ὑμᾶς,
821 2629 1037 2714 Πολύδευκες,
1067 2630 1221 2718 ὑπέτρεσε
1246 2631 1385 2715 Gallim.

98 2721 102 2725 ’
214 2720 270 2789 Fr.
293 2720 424 2787 LXXI.
454 2719 608 2806 ἀνάβηθι
632 2724 728 2804 δεῦρο
752 2726 888 2807 Λίπαρε
910 2723 966 2785 καὶ
989 2718 1369 2786 Πυθίωνκαὶ-οἰπό-

214 2811 289 2875 δοτε
312 2810 469 2877 Aeschin.
493 2810 580 2875 Fals.
604 2809 686 2898 Lag.
713 2810 788 2892 362,
813 2811 886 2875 143.
911 2800 977 2895 ἆρα
1000 2807 1031 2890 γ’
1051 2800 1076 2872 ὦ
1099 2811 1173 2888 τοῖν,
1198 2808 1370 2891 ἐθελήσετε

215 2895 337 2965 Oratin.
366 2901 497 2987 Fragm.
522 2900 568 2964 X.
594 2900 645 2964 75.
676 2888 701 2963 ὦ
730 2897 863 2983 σχέτλι’,
893 2889 915 2978 ἦ
938 2893 1116 2982 τολμήσετε
1139 2897 1283 2964 Philoct.
1302 2899 1370 2964 369.

215 2987 303 3070 quod
326 2981 550 3076 Goettlingius
582 2987 624 3053 ad
647 2987 811 3053 Theodos.
841 3011 872 3073 p.
897 2989 971 3052 216.
996 3007 1168 3072 perperam
1193 2977 1218 3050 ὦ
1243 2991 1371 3071 σχέτλια

215 3097 286 3141 esse
317 3086 437 3142 censet.
490 3075 645 3143 Similiter
675 3073 742 3142 εἶπε
771 3075 812 3140 ad
841 3077 951 3162 plures
977 3075 1117 3160 pertinet
1145 3100 1176 3140 v.
1200 3073 1371 3141 Heindorf.

215 3162 258 3226 ad
291 3163 423 3251 Protag.
459 3189 491 3251 p.
514 3169 589 3230 469.
625 3164 786 3230 Matthiae
815 3164 855 3229 ad
885 3161 994 3230 Orest.
1022 3165 1115 3230 1236.
1146 3171 1179 3227 et
1206 3163 1373 3230 Winckel·

183 3245 189 3255 '
214 3272 321 3316 mann.
346 3253 388 3317 ad
409 3253 553 3339 Euthyd.
578 3277 610 3339 p.
628 3256 680 3319 45.
720 3252 888 3319 Audacius
910 3252 1071 3317 Pindarus
1094 3273 1248 3318 numeros
1272 3253 1375 3340 impli-

216 3341 283 3405 cuit
306 3337 358 3406 Ol.
383 3341 479 3408 XIV.
505 3345 556 3408 20.
582 3333 608 3405 ὦ
629 3340 736 3408 πότνι’
761 3342 915 3426 Ἀγλαία,
939 3342 1161 3431 φιλησίμολπέ
1184 3339 1214 3405 τ’
1242 3341 1375 3433 Edepo-

215 3425 310 3512 σόνα,
333 3432 426 3494 θεῶν
448 3436 625 3517 κρατίστου
647 3433 773 3513 παῖδες,
796 3428 938 3506 ἐποίκους
960 3433 1072 3512 γενοῦ,
1108 3430 1218 3493 Θαλία
1242 3455 1278 3495 τε
1302 3437 1375 3514 ἐρα-

215 3519 371 3602 σίμολπε,
401 3521 511 3586 ἰδοῖσα
540 3516 636 3585 τόνδε
667 3522 787 3604 κῶμον.
834 3517 902 3585 Sed
928 3519 962 3583 in
984 3516 1151 3603 Euripidis
1174 3518 1267 3601 loco,
1290 3517 1375 3584 unde

158 3626 201 3673 153
214 3605 381 3695 progressi
413 3631 542 3691 sumus,
578 3605 793 3691 διωκόμεσθα
829 3611 1050 3689 κρατηθεῖσα,
1086 3608 1288 3673 constructio
1318 3616 1376 3689 est,

214 3717 297 3780 quae
321 3696 449 3774 dicitur,
474 3696 516 3762 ad
539 3719 681 3778 sensum,
705 3704 741 3761 ut
755 3696 828 3781 Iph.
845 3696 883 3760 Τ.
902 3696 976 3762 349.
1001 3693 1199 3779 ἠγριώμεθα
1220 3698 1376 3777 δοκοῦσα,

213 3786 390 3872 multisque
413 3786 483 3852 eliis
507 3786 599 3851 locis.
644 3785 738 3850 Haec
760 3785 874 3870 paucis
891 3783 1037 3870 exceptis
1053 3783 1087 3848 in
1103 3782 1166 3848 Ed.
1182 3783 1238 3849 Pr.
1257 3784 1376 3870 scripsi

213 3874 255 3940 ad
276 3875 309 3941 h.
333 3899 363 3942 v.
388 3883 421 3940 et
443 3875 485 3940 ad
507 3899 538 3940 v.
559 3877 632 3942 197.
677 3873 760 3939 Rem
780 3875 887 3958 ipsam
902 3872 1066 3959 copiosius
1082 3873 1236 3939 tractavit
1251 3873 1377 3939 Kuehl·

214 3965 372 4032 staedtius
395 3965 430 4030 in
453 3963 593 4032 Observ.
619 3960 699 4028 Crit.
723 3986 755 4048 p.
773 3964 824 4028 26.
850 3984 898 4047 sq.

301 4053 344 4123 V.
363 4055 436 4120 192.
477 4050 560 4119 Ἔθ’
581 4043 642 4117 ὧδ’
663 4052 799 4141 ἐφόλυις
821 4049 960 4127 κλισίαις
984 4045 1068 4133 ὄμμ’
1088 4053 1179 4136 ἔχων,
1202 4047 1315 4135 idest,
1338 4072 1378 4116 ne

191 4176 192 4181 ¹
214 4163 343 4233 semper
371 4143 419 4211 ad
442 4141 520 4208 litus
549 4139 709 4206 desideas.
754 4138 870 4205 Horat.
893 4137 955 4206 III.
980 4137 1045 4215 Od.
1070 4141 1123 4205 20.
1148 4144 1238 4222 eripe
1262 4151 1293 4205 te
1314 4161 1378 4206 mo·

213 4254 291 4312 rue5
318 4256 361 4315 ue
386 4255 511 4317 semper
538 4233 632 4296 udum
659 4231 755 4294 Τι’όυτ
784 4239 814 4294 et
836 4231 975 4294 Αιευλοο
1004 4232 1124 4294 declive
1154 4232 1378 4313 contempleris

215 4341 332 4390 αυοιιια.
378 4319 491 4407 ’Όμμα
520 4323 605 4404 ἔχειν
635 4323 668 4394 ἐς
694 4321 727 4383 τί
748 4316 908 4382 Proculus
931 4316 977 4382 H.
1006 4318 1042 4382 in
1064 4317 1149 4384 Ven.
1173 4317 1234 4384 III.
1266 4322 1296 4384 9.
1327 4320 1379 4384 ἐπὶ

206 4415 279 4477 ’τινί
301 4412 457 4501 Apollon.
480 4409 564 4496 Arg.
589 4408 664 4472 445.
709 4406 800 4493 Ergo
823 4404 1007 4493 Musgravii
1036 4407 1237 4518 emendatio!
1251 4405 1379 4497 ἀφανὲς
