2874 4972
452 373 498 425 22
518 372 616 427 soen.
635 372 679 427 m.
715 375 747 429 v.
762 375 822 429 222.
1165 376 1215 436 las
1237 339 1240 348 ’

61 531 227 618 praevalet
249 531 384 595 alterum
407 552 511 617 genus
533 530 704 616 Aristoph.
728 530 835 598 Rann.
857 535 931 599 662.
955 533 1108 619 Xenoph.
1132 530 1215 619 Oyn.

60 621 120 687 IV.
148 623 176 685 l.
201 628 262 686 etc.
309 618 480 684 Vocabulo
504 619 625 704 alioqui
647 631 802 707 suspecto
825 621 1011 706 κραταιγών
1039 645 1098 688 222
1119 621 1218 686 Lexi-

61 708 218 797 c'ographi
247 708 461 773 masculinum
489 709 661 773 articulum
690 719 909 796 praeponant,
943 712 1073 794 nescio,
1103 708 1162 776 sed
1190 711 1218 775 21

61 797 181 865 Graeci
215 797 272 862 illo
306 798 618 883 paraschematismo
652 799 704 862 usi
732 807 808 864 sunt
819 800 845 883 ¹)
879 807 967 865 certe
997 800 1218 864 accusativum

59 888 169 973 potius
191 895 429 972 paroxytonum
452 887 609 969 fecerunt,
631 896 669 952 ut
691 887 779 973 apud
801 887 1066 974 Theophrastum
1088 889 1219 975 legitur,

61 999 159 1062 quam
182 984 490 1062 proparoxytonum,
513 985 550 1041 ut
572 975 660 1063 apud
675 977 891 1042 Athenaeum.
937 977 1079 1041 Tantum
1102 976 1142 1041 de
1163 999 1218 1041 no·
1232 995 1275 1041 122

62 1065 203 1131 minibus
227 1065 260 1129 in
284 1087 362 1149 γων,
390 1087 527 1149 quorum
550 1088 569 1130 a
592 1065 807 1131 declinatione
829 1066 974 1154 legitima
995 1089 1073 1130 num
1097 1065 1220 1130 descis-

61 1155 106 1219 cit
138 1157 198 1234 τῆς
231 1156 447 1237 αλαταγῶνος
481 1152 593 1221 Schol.
623 1155 761 1221 Theocr.
791 1155 853 1221 XI.
885 1157 937 1221 57.
973 1154 1031 1221 sed
1065 1177 1127 1240 pro
1155 1154 1220 1219 hoo

61 1240 279 1326 πλαταγώνης
312 1242 520 1308 scribendum
554 1252 590 1308 ut
613 1241 780 1328 ἀνεμώνη,
810 1242 999 1331 ἀργεμώνη,
1029 1241 1219 1326 σικυώνη1).

61 1349 217 1435 Sequitur
246 1356 283 1414 ut
312 1349 352 1414 de
379 1349 566 1415 nominibus
596 1351 629 1416 iu
659 1354 724 1416 δων
753 1349 914 1428 (11222222,
945 1373 982 1416 ac
1011 1351 1150 1436 primum
1180 1349 1220 1415 de
1296 1406 1298 1412 .

62 1439 262 1504 masculinis.
308 1437 437 1503 Horum
460 1439 560 1526 igitur
583 1462 631 1520 22,
655 1460 738 1523 2222
760 1462 819 1524 per
843 1448 869 1502 οῖ
891 1438 1102 1523 declinantur,
1125 1437 1222 1526 bary·

61 1538 141 1594 tona
164 1550 236 1593 2222
259 1526 375 1610 221221,
399 1523 529 1605 Κύδων,
553 1524 677 1609 κώδων,
699 1524 835 1610 κλύδων,
855 1531 989 1612 χλίδων,
1011 1529 1222 1614 wirgildum
1330 1548 1335 1553 ’

63 1617 155 1701 (212)
185 1620 240 1679 καὶ
271 1614 441 1695 teutonem
467 1615 632 1700 Epiphan.
661 1615 701 1680 de
731 1613 859 1680 Gemm.
882 1615 926 1682 V.
950 1617 1024 1680 227.
1055 1615 1095 1682 Τ.
1117 1615 1161 1680 Π.
1190 1640 1221 1680 v.

16 1704 18 1708 ’
64 1704 272 1772 Schleusner.
295 1703 392 1768 Thes.
416 1703 456 1768 Τ.
479 1704 523 1770 V.
545 1727 578 1790 p.
596 1704 671 1772 526.
695 1727 714 1767 2
738 1725 801 1788 222
831 1727 912 1789 2222
940 1704 1146 1790 proferuntur
1169 1727 1224 1768 ex-

65 1793 174 1880 empla
198 1793 386 1877 oxytonesis
410 1787 499 1876 [τούς
518 1793 681 1880 χλιδῶνας
696 1793 863 1858 Plutarch.
888 1793 929 1859 de
944 1793 1034 1858 Fert.
1051 1791 1147 1858 Rom.
1163 1792 1223 1858 Ν.

64 1907 98 1969 p.
122 1884 183 1966 5.],
219 1880 413 1968 corrigenda
446 1890 522 1946 sunt
555 1881 597 1946 ad
625 1892 838 1968 praeceptum
867 1881 1163 1950 Grammaticorum
1191 1905 1223 1950 v.

63 1969 218 2036 Dindorf.
242 1969 285 2034 ad
307 1970 410 2035 Arist.
433 1969 565 2058 Fragm.
589 1995 622 2056 p.
640 1973 713 2037 143.
738 1978 771 2037 21
788 1970 941 2036 Addend.
965 1995 996 2057 p.
1013 1970 1073 2038 VI.
1097 1978 1225 2056 praeter
1284 1988 1290 1993 “

64 2057 187 2142 οὐδών,
216 2055 328 2140 μνδών
358 2059 401 2144 (21
424 2068 513 2125 22212
534 2060 646 2140 122112)
670 2069 702 2126 21
724 2061 868 2126 ionicum
892 2059 978 2125 ὀδών
990 2060 1029 2144 ³),
1060 2081 1143 2144 2222
1165 2083 1225 2146 per

63 2154 119 2226 172,
150 2171 188 2212 22
215 2170 293 2212 vero
316 2156 493 2234 gravantur
515 2148 556 2213 ad
579 2172 679 2214 unum
702 2150 821 2233 omnia,
844 2148 933 2234 quod
954 2158 1064 2215 vetere
1088 2148 1226 2215 edicitur

66 2259 206 2302 canone:
241 2230 284 2301 τὰ
318 2243 362 2313 stc
395 2241 445 2301 ω“ν
479 2234 630 2320 ὀνόματα
659 2234 799 2318 ὀξύτονα
830 2237 985 2304 οὐδέποτε
1016 2234 1071 2303 διαὶ
1100 2241 1159 2304 τοῦ
1186 2243 1227 2301 (Ττ

65 2329 242 2392 κλίνεσθαι
270 2323 380 2392 Schol.
404 2325 489 2394 Ven.
520 2330 569 2392 M.
595 2328 670 2393 390.
704 2350 779 2392 nam
807 2323 888 2393 ἑκών
917 2349 988 2393 2222
1017 2326 1226 2414 participium

65 2414 118 2481 vel
140 2414 353 2501 participiale.
389 2414 510 2500 *Atque
532 2415 609 2481 huic
632 2417 744 2504 generi
764 2416 1014 2503 Technographi
1036 2416 1121 2481 hano
1143 2416 1226 2502 spis-

66 2504 186 2570 siorem
215 2504 352 2570 formam
375 2504 421 2569 ita
442 2506 574 2590 proprie
597 2505 783 2592 assignant,
806 2514 843 2570 21
865 2506 1025 2592 genitivos
1048 2501 1225 2586 Λάδωνος,
1265 2575 1272 2584 ,

68 2595 237 2676 Νέδωνος,
267 2595 427 2670 Μέδωνος
448 2593 592 2703 legitime
616 2593 814 2676 declinatos‚
844 2591 1024 2668 Λάδοντος
1046 2615 1136 2674 vero,
1160 2596 1226 2659 Νέ-

67 2685 196 2760 δοντος,
222 2683 406 2765 Μέδοντος,
429 2686 624 2763 κνωδοντος,
646 2683 891 2768 participiorum
912 2682 978 2747 ritu
1005 2681 1129 2746 effictos
1152 2703 1227 2766 pro-

66 2772 223 2838 nuncient
250 2796 282 2838 v.
305 2770 470 2836 Theodos.
501 2794 554 2857 ap.
577 2770 730 2836 Dindorf.
755 2771 798 2836 ad
820 2770 990 2856 Aristoph.
1015 2767 1126 2836 Schol.
1149 2767 1225 2834 Vol.

66 2860 128 2926 ΠΙ.
158 2863 233 2926 418.
263 2867 296 2925 21
325 2857 546 2925 Choerobosc.
577 2859 704 2925 Anecd.
734 2883 768 2946 p.
795 2860 889 2925 1393.
913 2859 945 2924 b.
975 2880 1080 2943 neque
1104 2856 1228 2938 dubito,

68 2949 146 3034 quin
174 2947 335 3014 vocabula
365 2947 512 3035 ejusdem
533 2947 580 3012 1111
603 2942 708 3033 ἄκων,
736 2953 857 3046 γέρων,
880 2943 1022 3034 δράκων,
1046 2949 1145 3030 λέων,
1168 2949 1228 3011 θε-

70 3136 270 3148 ..—---——-

146 3251 169 3317 ¹)
189 3256 271 3319 Hujus
290 3248 759 3320 222222122221σπάδοο,σπάδων,
778 3247 907 3325 χηραμόο,
924 3246 1064 3322 χηραμῶν,
1085 3261 1110 3305 21
1128 3255 1230 3319 inpro-

69 3321 511 3394 22112Καδμεῖοι,·Καδμείων22,
537 3319 653 3397 Ἀργεῖοι
675 3319 831 3397 Ἀργείωνεε
854 3336 938 3378 221222
955 3329 1065 3377 incerta:
1089 3318 1231 3394 γάγγαμον

70 3409 97 3451 21
113 3391 270 3468 γαγγαμοὶν,
288 3400 333 3449 sed
352 3400 401 3449 hoc
418 3415 509 3464 parum
527 3401 666 3450 stabilitum
683 3401 711 3450 in
730 3400 803 3450 codd.
822 3399 887 3450 Poll.
906 3400 939 3449 11.
960 3393 1019 3449 169.
1043 3405 1069 3448 21
1086 3414 1127 3462 ap.
1146 3399 1229 3462 Etym.

69 3473 106 3522 M.
127 3463 282 3535 πλάταμοε,
307 3471 375 3534 22οά
395 3471 565 3521 Schneiderus
588 3472 725 3521 defendere
749 3479 855 3521 2222122
878 3472 909 3520 26
928 3470 1034 3520 Aristot
1055 3469 1084 3519 Τ.
1103 3470 1149 3520 Ν.
1169 3469 1229 3520 582.
1310 3502 1319 3506 -

71 3552 98 3594 21
119 3534 281 3607 πλαταμών.
326 3531 361 3590 Τὸ
383 3535 496 3609 γλίττον
514 3551 540 3593 21
559 3535 573 3591 (1
591 3537 711 3606 γλίτταν
728 3543 800 3592 Euat.
822 3541 898 3603 1660,
918 3541 960 3592 31.
979 3548 1130 3592 2221222222
1149 3542 1231 3605 suspi-

71 3616 146 3664 cione
164 3622 298 3664 remotum.
336 3613 478 3678 Hesychius
496 3606 642 3676 Κλαδὸνες,
661 3606 756 3662 κλάδοι
776 3622 801 3663 21
818 3605 992 3677 Σταθμόνες,
1013 3606 1098 3680 pltat·
1122 3613 1231 3663 dubitari

70 3692 158 3751 potest
185 3700 217 3734 22
244 3676 379 3735 alcidem
402 3686 453 3735 sive
476 3679 623 3737 κλαδέωνεε
645 3693 671 3735 21
693 3681 858 3749 σταθμῶνεο
880 3685 1017 3748 scripserit.
1064 3684 1231 3734 Accusativus

70 3748 226 3879 him
241 3756 386 3876 ligii‘vln
404 3756 708 3878 slilfflin‘li’ihfflei
723 3757 878 3877 iiiiii
901 3748 1233 3878 tttl.tlttttt.t‘¹f.l¹

19 3958 26 3969 .
71 3915 150 3960 mam,
170 3915 220 3964 qua
238 3843 407 3963 Hiirpocrates
425 3900 512 3962 utitur,
536 3888 586 3950 vois
602 3843 766 3967 yoqyypoivac.
807 3891 930 3966 Κορυδόε
947 3908 973 3950 21
990 3891 1114 3966 κοροδών
1131 3899 1233 3947 idemne

72 3971 226 4036 significent,
244 3971 388 4035 ambigitur.

149 4071 173 4135 ²)
192 4075 233 4124 Ex
256 4075 306 4124 hoc
328 4088 421 4138 genera
440 4073 552 4124 Arcadio
570 4089 597 4138 p.
612 4073 655 4136 10,
673 4073 697 4123 5.
716 4088 764 4137 pro
781 4065 895 4142 πύργων
913 4073 1096 4123 restituendum
1115 4079 1154 4122 221
1170 4063 1233 4120 aoi-

72 4162 141 4214 γων,
161 4162 208 4210 pro
227 4137 330 4214 ταγῶν,
351 4137 468 4212 σταγών,
488 4161 535 4211 pro
552 4145 651 4214 μέγαν,
671 4137 785 4213 Μάγων,
803 4161 850 4210 pro
868 4137 982 4210 playoiv,
996 4136 1100 4211 φηγών.
1136 4138 1235 4210 Αἴγων

73 4219 285 4282 andronymicum
304 4224 343 4267 221
361 4219 480 4268 21222212
498 4232 632 4268 nomanv.
652 4217 754 4267 Jacobs.
774 4217 853 4267 Anu.
872 4217 903 4266 Τ.
922 4217 968 4266 ΙΧ.
986 4231 1012 4279 p.
1032 4213 1092 4264 507.

150 4316 175 4380 ³)
200 4316 234 4370 Οἱ
255 4313 423 4389 ruopertum
445 4321 634 4386 Lexicographi
657 4321 767 4370 afferunt
790 4335 804 4370 e
828 4320 894 4370 Poll.
913 4319 969 4368 VH.
996 4316 1054 4368 137.
1083 4316 1126 4365 ubi
1149 4316 1234 4366 nullus

74 4391 198 4530 zpp'gpl'u:
218 4399 264 4442 221.
299 4392 448 4443 Eustathius
468 4391 512 4443 Or.
531 4393 576 4444 IV.
596 4392 638 4453 30,
660 4392 703 4443 88.
721 4385 809 4441 Δαοὶδ
825 4391 869 4439 καὶ
888 4385 916 4439 οἱ
932 4387 980 4451 τῆς
997 4388 1059 4438 va'uc
1078 4383 1147 4452 ἱεροὶ
1163 4401 1234 4437 οπο·
