2858 4964
195 363 247 416 114
631 353 906 421 COMMENTARIUS

192 513 355 603 Soph.11.
374 515 426 596 10,
450 513 524 578 580.
548 511 605 578 ubi
628 513 796 596 utriusque
818 513 969 579 vocabuli
993 513 1168 580 discrimen
1190 513 1350 598 traditur]

191 601 380 694 πεφύβηται
403 605 459 667 καὶ
482 602 606 667 δέδοικε
630 601 714 666 Plat.
738 601 924 689 Euthyphr.
951 603 1001 666 12.
1018 599 1056 667 O.
1081 599 1186 690 φόβοι
1209 607 1265 668 καὶ
1289 606 1351 668 δεί-

190 716 283 778 ματα
312 689 463 776 Thucyd.
487 689 563 756 VH.
594 692 646 755 80.
682 687 792 780 φόβος
818 695 874 755 καὶ
908 693 980 767 δέος
1014 690 1161 756 Ηοτοᾶο;
1183 691 1245 757 IV.
1280 693 1350 757 115.

106 808 109 810 ’
191 780 293 867 Hipp.
324 779 365 845 de
388 776 498 844 Morb.
529 799 611 844 sacr.
642 801 675 864 p.
693 781 767 843 607.
790 780 829 844 T.
846 777 873 843 Ι.
903 790 936 844 et
958 781 1087 866 saepius
1110 780 1351 847 Demosthenes

191 894 222 935 v.
245 867 412 936 Sohaefer.
437 867 476 932 Τ.
492 865 552 932 ΠΙ.
577 869 652 931 477.
677 870 779 955 φρίκη
802 871 857 932 καὶ
882 865 990 958 φόβος
1012 867 1098 933 Plut.
1116 868 1158 934 V.
1183 869 1300 956 Pelop.
1323 891 1351 934 c

191 956 341 1024 XXVII.
371 965 404 1023 et
431 956 460 1020 si
488 977 552 1039 qua
581 955 645 1021 alia
672 956 778 1021 animo
808 965 970 1022 commoto
1001 958 1051 1022 vel
1081 958 1180 1022 animi
1211 981 1351 1024 commo-

191 1045 290 1113 vendi
313 1067 412 1112 causa
428 1044 642 1131 geminantur,
668 1044 826 1129 δέρχθητ’
847 1047 996 1121 έςίδεσδε
1012 1046 1133 1112 Aesch.
1149 1046 1260 1121 Prom.
1280 1050 1350 1112 140.

193 1139 370 1221 σκέψασθε
392 1137 448 1198 καὶ
472 1129 666 1221 θεωρήσατε
690 1132 786 1200 Dem.
804 1135 880 1215 629,
904 1135 955 1198 26.
979 1159 1010 1199 v.
1027 1135 1186 1223 Krueger.
1211 1135 1254 1199 ad
1269 1135 1350 1201 Phil.

192 1224 219 1290 I.
244 1225 276 1307 3,
299 1224 329 1288 3.
361 1224 478 1306 δέομαι
505 1228 560 1288 καὶ
590 1219 759 1304 ἀντιβολῶ
786 1225 842 1287 καὶ
871 1219 998 1288 ἱκετεύω
1028 1223 1140 1289 Isaeus
1164 1246 1197 1309 p.
1223 1225 1277 1308 26,
1300 1227 1351 1289 44.

194 1312 333 1397 denique
349 1306 513 1395 φονεύετε,
538 1312 675 1388 καίνετε,
701 1305 814 1375 ὄλλυτε
830 1308 939 1376 Orest.
960 1312 1055 1379 1302.
1078 1312 1141 1390 ier,
1166 1316 1251 1396 ἵκου,
1274 1315 1351 1378 eloe

193 1401 315 1467 Aesch.
344 1400 436 1465 Pers.
462 1400 535 1465 656.
590 1397 711 1483 Neque
748 1397 789 1463 ab
819 1398 937 1465 affectu
966 1400 1062 1485 plane
1094 1404 1278 1488 sejunctum
1305 1410 1352 1467 est

192 1489 406 1556 Homericum
436 1492 463 1553 εὶ
493 1489 591 1553 iidoc
618 1492 674 1552 καὶ
703 1492 822 1570 ἵκοιτο,
851 1511 915 1573 quo
944 1489 1172 1556 Artemidorus
1201 1490 1350 1555 Prooem.

192 1579 233 1644 L.
262 1578 323 1646 IV.
348 1578 422 1644 309.
457 1574 499 1639 ad
530 1575 818 1642 demonstrandum
846 1598 1100 1664 synonymorum
1129 1579 1353 1665 pleonasmum

193 1669 311 1752 utitur,
341 1666 400 1732 sed
429 1663 535 1731 otiosa
562 1666 738 1753 geminatio
761 1673 812 1731 est
834 1662 903 1745 ἥκει
926 1671 981 1731 καὶ
1004 1672 1194 1753 κατέρχεται
1215 1667 1351 1735 Lucian.

192 1757 321 1842 Philop.
346 1757 376 1840 ξ.
394 1755 445 1821 28.
470 1762 614 1820 sumtum
636 1754 718 1820 illud
742 1753 782 1819 ab
799 1754 975 1842 Aeschylo,
1001 1778 1098 1840 quem
1117 1757 1352 1843 Aristophanes

188 1845 397 1932 joculariter,
434 1843 520 1908 serio
551 1852 584 1908 et
613 1843 760 1909 studiose
790 1841 916 1909 Gellius
945 1843 1090 1910 defendit
1117 1844 1215 1911 XIII.
1242 1848 1300 1928 24,
1324 1849 1353 1912 7.

193 1934 259 2019 ὁρᾷ
286 1935 343 1999 καὶ
370 1935 484 2015 βλέπει
513 1932 597 1997 Plat.
623 1931 729 2021 Legg.
752 1931 816 1996 IX.
841 1934 914 1998 857.
946 1933 990 1997 D.
1021 1932 1166 1999 ἀλῶνται
1193 1939 1249 1999 καὶ
1272 1937 1353 1998 πλοι-

137 2040 181 2087 138
193 2026 316 2090 νῶνται
337 2022 465 2088 Aelian.
489 2018 534 2088 H.
558 2021 646 2086 Ann.
663 2022 727 2088 IX.
753 2022 804 2085 53.
829 2018 954 2101 ἀλήτης
976 2025 1031 2087 καὶ
1054 2019 1181 2102 πλάνης
1202 2023 1283 2088 XII.
1302 2024 1352 2088 32.

193 2111 319 2196 aliaque
341 2108 539 2196 tautologiae
563 2111 727 2196 exempla,
758 2109 877 2193 quibus
900 2133 965 2174 uon
989 2110 1203 2197 amplificatur
1227 2120 1354 2177 senten·

192 2200 239 2265 tia
267 2199 326 2266 sed
356 2199 460 2264 oratio
488 2197 525 2261 iit
553 2198 778 2288 exaggeratior
813 2198 1081 2284 modulatiorque.
1141 2199 1205 2264 His
1237 2223 1353 2287 operae

194 2297 245 2354 est
267 2289 415 2355 conferre
438 2286 669 2354 vocabulorum
695 2290 942 2374 conjugatorum
966 2288 1234 2374 compositionem
1255 2291 1354 2354 inter-

151 2430 153 2434 .
194 2377 271 2443 dum
293 2376 540 2465 paronomasiae
564 2399 663 2444 causa
679 2378 870 2462 quaesitam,
892 2377 1033 2462 primum
1048 2377 1233 2460 verborum,
1256 2402 1355 2462 προς-

192 2469 387 2533 καθεδεῖται
408 2469 464 2531 καὶ
486 2464 714 2550 προςεδρεύσει
729 2465 901 2530 Demosth.
919 2488 951 2551 p.
972 2469 1023 2548 14,
1049 2468 1099 2531 15.
1124 2469 1354 2549 ἐπιμελεῖσθαι

193 2559 249 2620 καὶ
271 2558 422 2640 τημελεῖν
445 2554 528 2619 Plat.
553 2553 659 2643 Legg.
683 2554 766 2622 XII.
785 2556 859 2620 953.
875 2554 917 2620 A.
942 2556 1076 2641 στροβεῖ
1098 2557 1153 2620 καὶ
1177 2560 1354 2644 στρέφεται

193 2643 315 2709 Julian.
341 2641 399 2711 Or.
423 2643 465 2709 II.
490 2645 543 2710 85.
567 2643 606 2708 Β.
636 2642 728 2721 υἱούς
756 2640 911 2732 ἐφύτευσε
939 2648 995 2708 καὶ
1023 2640 1157 2731 ἐξέφυσε
1179 2641 1356 2709 Lesbonax

150 2760 153 2764 ·
192 2728 355 2819 Protrept.
384 2756 417 2818 p.
443 2735 516 2816 171,
541 2734 570 2796 7.
601 2736 761 2818 έρεοχελεῖ
787 2735 843 2797 καὶ
871 2731 1012 2817 έρεθίζει
1038 2731 1195 2797 Themist.
1221 2732 1355 2799 XVIII.

193 2823 267 2888 224.
301 2823 344 2887 A.
387 2820 504 2887 deinde
546 2820 838 2888 substantit‘orum:
880 2817 1071 2903 ἐπιβήτορες
1109 2819 1167 2900 ἠδ’
1200 2823 1355 2903 έπιβῆται

193 2909 292 2979 Οτεο.
323 2934 376 2997 ap.
393 2910 456 2976 do.
479 2910 610 2998 Lydum
641 2910 681 2977 de
704 2910 813 2976 Mens.
837 2909 896 2975 ΠΙ.
922 2910 952 2991 5,
977 2910 1029 2976 88.
1060 2911 1174 2985 δαλοῖς
1196 2913 1252 2974 καὶ
1277 2913 1356 2993 δησί

192 2998 280 3065 Plut.
303 2999 347 3065 V.
375 2999 480 3064 Pauli.
504 3000 599 3064 Aem.
630 3021 657 3065 c.
681 2999 796 3065 XVII.
828 2997 925 3063 ἀδῖσι
952 3000 1008 3062 καὶ
1039 2994 1172 3072 ὀδύναις
1193 2997 1355 3064 Themist

192 3087 256 3152 IX.
287 3089 362 3153 574.
390 3087 434 3152 A.
466 3084 569 3174 δοράν
596 3091 652 3154 καὶ
683 3090 786 3174 δέρμα
816 3086 912 3152 Philo
941 3084 981 3151 de
1009 3086 1118 3150 Anim.
1147 3085 1237 3150 idon.
1270 3110 1352 3152 sacr.

192 3198 226 3260 p.
244 3177 318 3240 844.
342 3176 385 3239 A.
408 3177 504 3240 tertio
527 3176 760 3262 adjectivorum
785 3172 874 3262 ἄτιμ’
894 3174 1009 3239 ἀτίετα
1025 3174 1145 3240 Aesch.
1162 3173 1259 3240 Eum.
1279 3178 1355 3242 363.

193 3265 449 3348 διεσπαρμένους
472 3267 526 3329 καὶ
552 3263 723 3351 σποράδας
745 3265 833 3330 Plut.
859 3264 899 3329 de
917 3262 993 3328 Def.
1011 3261 1129 3329 Oraco.
1145 3263 1354 3330 XXXVIII.

193 3352 268 3417 362.
289 3359 456 3438 postremo
480 3351 706 3419 adverbiorum
729 3352 864 3419 ἀνωθεν
880 3351 1048 3418 ἀνέκαθεν
1064 3352 1185 3417 Aesch.
1205 3349 1353 3440 Ohoeph.

192 3441 268 3505 421.
298 3435 381 3524 ταχύ
409 3443 465 3506 καὶ
489 3447 610 3525 ταχέως
633 3444 737 3509 Arist.
759 3442 889 3509 Eccles.
916 3441 1011 3508 1211.
1035 3463 1172 3525 quorum
1195 3443 1353 3509 nonnulla

191 3529 269 3594 viris
292 3528 399 3595 doctis
422 3530 641 3615 suspicionem
664 3532 793 3619 glossae
816 3529 1051 3618 praebueruut3
1077 3533 1184 3612 pudor
1208 3540 1240 3594 et
1258 3536 1350 3614 padi

193 3620 282 3701 citio,
303 3621 382 3700 fides
406 3628 502 3702 atque
523 3622 652 3702 fiducia,
677 3625 747 3686 siae
769 3625 862 3686 modo
886 3629 916 3684 ei
939 3621 1096 3685 modestia
1107 3619 1146 3704 ¹).
1185 3619 1265 3684 Alia
1288 3643 1349 3686 non

192 3709 366 3794 conjugata
389 3707 448 3773 sed
471 3730 651 3795 synonyma
673 3709 807 3776 arbitrio
832 3707 972 3793 quodam
987 3731 1065 3774 usus
1081 3707 1262 3792 quotidiani
1279 3731 1350 3775 coa·

189 3795 331 3878 luerunt,
353 3805 391 3860 ut
413 3804 511 3861 καινοὶ
535 3790 593 3862 νεά
616 3822 650 3863 τε
675 3795 768 3884 (ἄχη)
793 3798 914 3865 Aesch.
939 3796 1030 3863 Pers.
1055 3798 1129 3864 663.
1153 3796 1244 3881 quod
1267 3799 1349 3886 inju-

190 3883 239 3969 ria
268 3884 435 3951 sollicitari
455 3885 605 3951 ‘ostendit
633 3886 803 3953 Themistii
831 3885 1015 3973 exemplum
1044 3883 1102 3954 Or.
1131 3884 1250 3952 XXV.
1277 3889 1348 3953 310.

189 3974 233 4040 A.
257 3970 372 4041 καινόν
395 3998 427 4038 τι
442 3977 505 4039 καὶ
528 3980 620 4058 νέον,
651 3985 684 4042 et
705 3976 805 4042 latina
827 3998 928 4043 υοουε
952 3997 992 4041 uo
1014 3995 1123 4041 recena
1146 3999 1177 4039 v.
1201 3974 1349 4042 Doeder-

190 4097 391 4110 ’,η-ᾐ-

265 4152 289 4216 ¹)
314 4156 375 4207 Alia
402 4157 529 4220 quaedam
556 4159 661 4222 collegit
683 4166 709 4208 et
732 4175 789 4209 oum
813 4159 1028 4224 agnominationis
1052 4157 1176 4222 exemplis
1201 4159 1349 4210 domesticis

189 4229 335 4290 composuit
358 4227 496 4279 Grimmius
519 4230 546 4278 in
564 4227 677 4295 Saviqny
695 4228 844 4295 Zeitscirift
867 4232 897 4281 T.
915 4233 948 4281 Ii.
971 4246 997 4294 p.
1017 4229 1060 4281 41.
1096 4231 1196 4280 Eodem
1219 4233 1350 4295 pertinent

189 4300 312 4361 myndam
332 4316 408 4363 purus
428 4309 515 4364 putus,
536 4317 611 4350 ποντιε
628 4301 745 4364 novitius,
764 4304 796 4352 de
815 4303 906 4366 quibus
927 4302 979 4367 egit
999 4301 1096 4352 Gellius
1115 4301 1161 4351 VI.
1181 4301 1206 4351 5.
1233 4297 1350 4367 [nuperus

188 4368 293 4417 novitios
309 4369 392 4421 Plaut.
413 4370 487 4434 Capi.
506 4372 550 4420 111.
573 4372 598 4433 5,
618 4368 673 4432 60]
698 4374 741 4422 sed
767 4388 831 4436 quae
851 4373 994 4424 Gronovius
1014 4373 1056 4422 hie
1074 4373 1166 4434 attulit,
1184 4383 1256 4422 sarta
1277 4383 1349 4437 tecta,

186 4450 415 4502 prememoratus,
430 4442 603 4505 nihilomagis
617 4443 666 4493 huc
679 4446 832 4495 conveniunt
844 4460 921 4508 quam
933 4454 990 4494 ιτιέο
1002 4460 1083 4506 caeso,
1102 4444 1199 4493 accensi
1210 4444 1290 4494 velati
1301 4455 1348 4495 etc.
