2858 4964
231 336 281 389 144
497 363 500 370 ·
669 333 943 388 COMMENTARIUS

227 487 415 574 κηληδόνες,
438 513 519 576 quae
543 491 651 555 omnia
673 497 750 556 sunt
771 489 932 555 vocabula
955 489 1175 572 animantium,
1198 513 1265 555 non
1289 487 1381 554 affec·

227 581 366 658 tionum,
398 583 617 667 conjecturam
646 578 764 644 ducere
793 578 888 662 libet,
917 602 990 644 eum
1015 577 1212 644 intellexisse
1234 578 1381 643 tristitiae

228 668 453 734 conciliatores
475 669 528 734 vel
551 670 657 752 etiarn,
681 665 771 753 quod
791 666 982 752 probrosius
1006 675 1055 732 est
1076 669 1110 732 in
1128 690 1233 733 mares
1250 666 1382 750 dictum,

228 757 479 837 conciliatrices;
507 781 582 823 nam
606 781 646 822 ex
669 755 796 821 duobus
818 757 991 841 postremis
1014 755 1186 842 exemplis,
1214 779 1297 841 quae
1319 779 1382 821 non

227 856 348 912 temere
376 847 525 933 apposita
553 845 720 924 videntur,
750 845 835 910 sicut
864 869 904 910 ex
931 844 1067 910 Arcadii
1095 847 1323 931 supplemento
1350 845 1383 910 in

228 935 301 1001 eod.
331 935 440 1003 Havn.
469 958 502 1020 p.
530 937 586 1018 16,
617 937 646 1001 3.
678 943 710 1000 et
738 934 848 1021 Etym.
872 933 921 998 M.
945 935 1025 1016 513,
1049 935 1100 998 31.
1134 929 1301 1023 Κολοφὼν
1330 937 1382 998 καὶ

228 1021 386 1114 κατηφδν
416 1023 564 1102 ὀξύνεται
587 1023 629 1101 ὠς
653 1024 802 1106 θηλυκά,
833 1022 943 1109 colligi
965 1031 1082 1109 potest,
1106 1021 1147 1089 de
1169 1023 1233 1088 hoc
1256 1032 1382 1088 veteres

227 1112 314 1178 idern
338 1112 489 1179 statuisse
512 1111 600 1197 quod
627 1111 667 1177 de
691 1111 839 1195 ἀρηγών,
862 1112 957 1177 unius
981 1113 1109 1199 generis
1133 1135 1204 1178 esse
1226 1111 1380 1177 feminini.

228 1203 396 1268 Aceentus
427 1201 516 1267 solus
542 1199 578 1265 id
604 1224 671 1266 non
701 1199 916 1283 demonstrat,
939 1222 1038 1284 quum
1061 1199 1190 1280 ἀλαζών
1214 1222 1382 1266 commune

229 1292 285 1373 sit,
313 1313 418 1375 neque
448 1298 583 1376 apparet
606 1289 753 1373 omnino,
782 1313 839 1355 cur
861 1289 1072 1354 Aristarchus
1095 1287 1282 1374 κατήφονες
1305 1291 1384 1356 scri-

227 1380 303 1445 bere
326 1379 466 1446 noluerit
488 1387 524 1443 ut
546 1377 768 1462 καταπύγονες
793 1378 940 1464 [Lucian.
965 1379 1105 1464 Lexiph.
1129 1379 1157 1464 §.
1183 1378 1249 1464 12]
1267 1380 1292 1463 ¹)
1322 1379 1384 1443 nisi

173 1485 216 1533 174
228 1469 340 1555 generi
366 1467 519 1535 feminino
548 1467 682 1533 affixum
711 1490 782 1534 esse
812 1467 959 1533 credidit.
991 1465 1074 1532 'Cur
1098 1476 1205 1532 autem
1226 1467 1291 1532 hoc
1316 1489 1384 1532 cre-

228 1556 347 1623 diderit
376 1556 432 1623 rix
466 1557 626 1642 suspicari
659 1557 756 1639 licet,
790 1579 889 1641 quum
916 1556 990 1621 loco
1017 1556 1180 1621 homerico
1209 1564 1384 1641 utrumque

227 1669 330 1734 genus
354 1654 465 1732 aptum
488 1646 539 1728 sit,
562 1668 667 1730 neque
683 1643 798 1712 Crates
822 1650 982 1733 κατηφέες
1003 1646 1198 1731 scripsisset,
1221 1645 1250 1709 si
1266 1668 1384 1711 nomen

227 1731 384 1824 κατηφών
408 1735 437 1800 ei
458 1735 574 1800 fuisset
596 1733 726 1800 aliunde
750 1735 927 1822 cognitum.
974 1732 1127 1800 Ceterum
1149 1734 1225 1798 hinc
1254 1756 1385 1818 quoque

227 1831 372 1910 apparet,
398 1823 558 1889 femininis
581 1824 747 1910 propriam
771 1847 842 1890 esse
858 1824 1058 1911 ‘oxytonesin
1081 1847 1155 1889 eum
1178 1824 1386 1909 correptione

227 1912 349 1978 vocalis
380 1915 604 1999 conjunctam,
637 1913 825 1979 masculinis
851 1913 885 1977 in
915 1913 1113 1978 contrarium
1141 1912 1386 1977 inclinantibus.

227 2001 363 2086 Loquor
385 2000 425 2066 de
448 2002 673 2088 appellativisa
690 2027 765 2068 nam
787 2003 908 2088 topica,
931 2003 1096 2090 gentilicia
1117 2000 1253 2088 perinde
1276 2010 1315 2065 ut
1331 2025 1388 2065 an·

229 2089 418 2176 dronymica
448 2100 480 2156 et
507 2092 684 2176 periectioa
711 2092 751 2157 ab
781 2092 843 2158 hac
873 2090 1091 2176 disputatione
1114 2090 1249 2170 seclusi3
1279 2112 1390 2174 neque

229 2181 418 2265 complexus
447 2202 519 2245 sum
547 2181 655 2244 omnia
684 2180 742 2246 sed
771 2204 853 2266 quae
885 2179 927 2244 ad
953 2181 1178 2266 probationem
1200 2179 1394 2244 necessaria

227 2268 429 2334 videbantur.
481 2268 575 2333 Haec
604 2279 711 2334 autem
741 2270 848 2335 omnia
871 2268 986 2334 eodem
1007 2269 1161 2351 tendunt,
1185 2268 1393 2352 planumque

227 2357 349 2422 faciunt
370 2357 495 2422 nullum
517 2379 588 2423 esse
612 2358 807 2424 vocabulum
829 2359 1060 2444 appellativum
1082 2357 1122 2423 ab
1147 2356 1294 2443 ejusdem
1319 2356 1390 2420 dia-

226 2447 304 2511 lecti
326 2445 539 2533 scriptoribus
563 2445 734 2533 dupliciter
756 2470 814 2534 per
835 2450 924 2522 w-vrTc
947 2457 980 2512 et
996 2450 1071 2522 ὅνδξ
1088 2445 1297 2527 declinatum,
1322 2467 1389 2529 quo

228 2535 331 2621 magis
360 2537 444 2601 seire
472 2559 567 2618 aveo,
598 2536 714 2620 quibus
742 2536 921 2602 rationibus
943 2534 1133 2601 Dindorfius
1156 2533 1304 2598 inillam
1328 2533 1384 2598 du·

228 2633 300 2690 ctus
324 2625 366 2690 sit
389 2625 591 2692 sententiam.
1038 2638 1041 2647 ¹

316 2712 358 2779 V.
388 2716 462 2780 224.
506 2708 663 2780 Ἅτλατον
698 2711 772 2797 οὐδὲ
808 2709 961 2800 φενκτοὲν.
1019 2711 1074 2780 Sic
1107 2711 1203 2776 codd.
1239 2718 1273 2775 et
1307 2708 1380 2774 Ald.

228 2798 371 2890 φευκτήν
399 2811 476 2868 vett.
505 2801 591 2870 Edd.
623 2799 748 2891 φερτάν
777 2801 929 2866 Heidelb.
960 2797 1100 2892 φευκτόν
1122 2798 1241 2867 Suidas
1272 2820 1300 2865 s.
1326 2797 1381 2862 At

227 2895 350 2974 δοντος,
372 2891 462 2976 quod
484 2891 693 2957 Hermannus
715 2890 878 2976 improbat
901 2894 942 2955 ob
967 2913 1037 2957 earn
1061 2912 1190 2955 causam
1213 2887 1290 2974 quia
1300 2887 1382 2952 Tra-

227 2980 309 3066 gici,
339 2981 367 3045 si
394 2981 465 3047 fieri
494 2982 615 3068 possit,
642 2981 886 3046 terminationes
913 2980 1038 3045 variare
1068 2987 1185 3044 ament.
1230 2977 1382 3042 Fortasse

226 3068 290 3132 hoo
313 3068 389 3134 addi
411 3079 532 3156 potest,
555 3093 611 3136 eos
634 3093 700 3136 non
724 3070 792 3134 sine
809 3077 897 3134 certa
910 3069 1036 3133 ratione
1052 3090 1091 3132 ex
1106 3065 1280 3132 mobilibus
1298 3087 1383 3130 com-

227 3157 337 3221 munia
358 3159 481 3240 faeere,
509 3159 567 3224 sed
589 3159 794 3245 potissimum
816 3159 923 3223 hiatus
947 3156 1122 3244 effugiendi
1145 3162 1305 3235 causant
1328 3155 1385 3216 δα·

228 3239 347 3326 κρντδς
370 3250 458 3321 ἐλπίς
475 3244 623 3332 Choeph.
643 3249 716 3312 233.
734 3243 858 3331 βροντὴ
875 3243 1037 3327 πτερωτὸς
1053 3243 1109 3324 ἥδε
1127 3242 1210 3310 Oed.
1228 3240 1266 3306 O.
1288 3243 1383 3306 1460.

228 3354 266 3397 ac
290 3333 436 3400 similiter
458 3336 611 3400 feminina
633 3345 709 3401 sunt
731 3335 873 3414 ζηλωτός
888 3334 979 3400 Med.
999 3335 1093 3400 1035.
1117 3327 1244 3412 ὠνητής
1266 3325 1289 3410 ἢ
1301 3333 1386 3394 ‘rol-

227 3419 330 3504 μητός
352 3421 428 3488 Hel.
445 3425 520 3489 825.
544 3422 686 3504 ζηλωτός
709 3423 813 3489 Andr.
839 3427 869 3489 5.
895 3422 1022 3503 θνητός
1043 3422 1116 3508 Iph.
1132 3421 1175 3485 A.
1193 3422 1267 3484 901.
1289 3420 1385 3485 1394.

229 3508 357 3597 Κύπρις
379 3510 419 3578 οὐ
442 3511 588 3602 φορητός
610 3512 712 3598 Hipp.
729 3515 803 3578 442.
831 3511 926 3577 codd.
951 3509 1116 3600 φορητόν,
1146 3517 1183 3574 ut
1203 3530 1265 3593 pro
1291 3506 1386 3573 εὐαν-

180 3609 185 3620 ’
227 3601 304 3682 δρία
332 3599 486 3678 διδακτός
509 3602 586 3669 llur.
610 3600 724 3688 Suppl.
750 3603 824 3666 924.
852 3601 926 3666 libri
951 3597 1105 3664 διδακτόν
1128 3597 1298 3675 exhibent3
1327 3619 1388 3684 po«

227 3696 347 3753 stremo
376 3685 522 3775 δωρητὸς
552 3689 609 3756 οὐκ
639 3688 772 3769 αὶτητός
802 3687 886 3755 Oed.
918 3689 955 3754 Τ.
981 3690 1055 3754 384.
1085 3683 1233 3773 μεμπτός
1262 3683 1386 3749 Trach.

226 3779 301 3842 446.
331 3801 413 3863 quae
441 3780 550 3844 omnia
576 3779 723 3844 vocalem
752 3777 967 3864 praecedunt;
999 3775 1087 3862 ἰσχὺς
1116 3776 1277 3856 πορευτοῦ
1303 3777 1388 3855 λαμ·

226 3863 332 3943 ττοὶδος
366 3862 448 3952 πρὸς
482 3865 607 3947 ἡδονήν
636 3869 752 3956 Agam.
777 3869 851 3935 294.
882 3867 1021 3958 fortasse
1050 3862 1242 3952 sigmatismi
1271 3885 1387 3940 causa3

301 4065 324 4131 ¹)
343 4069 429 4121 Schol.
448 4068 513 4119 Ven.
532 4068 602 4119 XXI.
624 4066 683 4118 141.
710 4057 878 4132 παρώνυμον
901 4063 952 4113 τοῦ
974 4056 1131 4131 κατάπνγοο
1149 4054 1185 4120 ,ὥς
1202 4059 1253 4110 τοῦ
1272 4050 1390 4125 ἄπειρος

226 4136 241 4190 ὃ
261 4135 392 4211 ἀπείρων.
429 4140 555 4190 Arcadius
577 4140 617 4201 10,
638 4139 679 4188 25.
705 4140 776 4187 addit
795 4128 923 4202 ἄναιμος,
944 4128 1081 4201 nivatam,
1101 4124 1227 4201 δγκνλος,
1248 4123 1388 4213 ἀγριὺλων,

226 4217 295 4296 quod
320 4227 398 4279 quum
423 4212 454 4261 ab
477 4213 527 4262 hoc
550 4212 621 4273 loco,
645 4211 689 4259 ubi
713 4211 743 4259 de
763 4209 911 4272 compositis
930 4209 1019 4271 agitur,
1040 4208 1151 4256 alienum
1170 4206 1211 4266 sit,
1229 4205 1255 4252 in
1275 4220 1390 4268 ακνμος,

225 4278 337 4351 ανδρων
355 4285 504 4335 mutandum
522 4284 632 4344 videtum
652 4271 753 4345 ἄκομος
772 4281 894 4330 Matthiae
914 4281 946 4329 ad
965 4279 1040 4328 Herc.
1055 4278 1113 4328 686.
1133 4283 1282 4339 suspectum
1301 4276 1389 4326 hahet.

225 4357 279 4406 Nec
297 4373 354 4406 rara
371 4358 435 4416 haec
454 4369 582 4419 paragoge
601 4355 627 4404 in
646 4353 811 4416 simplicibus,
829 4345 970 4421 γλίσχρων,
990 4342 1105 4418 γλύκων,
1125 4341 1242 4416 κύρτων,
1261 4338 1389 4414 priunum,

226 4420 363 4497 στράβονν,
383 4420 484 4495 polim
503 4434 551 4475 etc.
