2872 4966
216 295 251 352 ιε
389 268 393 277 ‘
655 285 922 343 εσοοικιιοοε

218 451 302 518 1345
332 513 338 526 ,
367 447 422 514 σοὶ
443 446 503 531 μὲν
517 437 653 533 Ινέμοιμ’
673 437 717 512 ἀν
738 445 833 527 τῆςδε
855 445 911 510 καί
933 439 1031 527 μείζω
1050 435 1161 530 χάριν.

365 541 463 628 οὗτος
485 551 520 618 δὲ
542 547 635 617 κάκεῖ
656 545 807 616 κάνθάδ’
828 541 874 616 ἀν
896 543 1000 634 ίμοιχ’
1021 544 1110 634 ὁμῶς
1299 626 1303 634 ε

365 658 523 744 ίχθιστος
545 658 651 724 ίσται·
675 657 730 722 σοί
752 656 787 720 δὲ
809 655 895 743 δρᾷν
917 646 1034 734 ἔξεσθ’
1053 646 1076 716 ἀ
1095 647 1171 741 χρή.

721 781 751 831 Χ
755 780 868 832 ΟΡΟΣ.

359 860 470 942 Ὅστις
492 861 539 945 σ’,
565 862 724 943 Ὀδυσσεῦ,
747 857 795 948 μη’
818 863 905 947 λέγει
924 855 1036 952 χυύμη
1061 855 1172 950 σοφόν

365 972 478 1062 φῦναι,
501 970 654 1038 τοιοῦτον
677 963 770 1048 ὄντα,
790 962 902 1054 μῶρός
925 962 991 1033 ἐστ’
1011 961 1106 1053 ἀνήρ.
1329 981 1392 1027 ιειε

669 1094 721 1145 ΟΔ
731 1094 849 1146 ῬΣΣΕ
858 1093 920 1145 ΤΣ.

367 1179 438 1245 Καὶ
459 1181 520 1244 νῦν
541 1202 577 1262 χε
606 1173 737 1265 Τεύκρῳ
760 1170 846 1242 τάπδ
870 1172 967 1241 τοῦδ’
987 1171 1203 1259 ἀχγέλλομαι,

368 1279 451 1350 ὅσον
473 1281 542 1350 τότ’
563 1276 688 1370 ἐχθρὸς
709 1271 764 1366 ἦν,
786 1276 923 1348 τοσόνδ’
944 1276 1028 1346 εἶναι
1050 1280 1157 1370 φίλος.

373 1391 429 1454 καὶ
450 1382 510 1457 τόν
532 1384 689 1455 θανόντα
712 1383 808 1453 τόνδε
829 1381 1035 1453 συνθάπτειν
1058 1385 1159 1462 θέλω,

366 1495 422 1558 καί
446 1491 624 1578 ξομπονεῖν
645 1494 702 1559 καί
723 1492 827 1577 μηδὲν
849 1491 1014 1570 ἐλλείπειν,
1038 1484 1121 1557 ὅσον

364 1591 429 1685 χρὴ
450 1606 522 1676 τοῖς
545 1595 693 1687 ἀρίστοις
716 1593 880 1684 ἀνδράσιν
901 1605 1016 1662 πονεῖν
1038 1588 1191 1680 βροτούς.
1332 1607 1392 1653 ιεεο

695 1725 745 1774 ΤΕ
754 1722 898 1773 ῬΚΡΟΣ.

368 1800 487 1893 Ἅριστ1
519 1805 678 1886 Ὀδυσσεῦ,
700 1800 798 1872 πάντ’
819 1807 879 1890 ίχω
903 1802 935 1870 σ’
952 1806 1122 1870 ἐπαινέσαι

366 1907 510 1996 λόγοισι·
534 1912 591 1976 καί
611 1908 648 1996 μ’
667 1913 811 2002 ίφευσας
833 1911 964 1993 ἐλπίδος
986 1903 1078 1974 πολύ.
1177 1896 1180 1909 ’

366 2011 471 2102 τούτῳ
493 2015 557 2106 χάρ
581 2011 627 2082 ἀν
649 2018 805 2101 έχθιστος
827 2015 979 2102 Ἀργείων
1001 2009 1099 2099 ἀνὴρ,
1133 2070 1135 2073 .

363 2118 467 2206 μόνος
487 2127 654 2212 παρέστης
672 2127 794 2214 χερσὶν,
817 2120 892 2190 οὐδ’
911 2124 1005 2205 έτλης
1028 2119 1142 2213 παριδν
1198 2124 1203 2138 ’

362 2224 508 2296 θανόντι
530 2231 612 2316 τῷδε
635 2231 698 2312 ζῶν
720 2232 899 2324 ἐφυβρίσαι
920 2234 1013 2317 μέγα,

364 2336 408 2417 ἀς
430 2335 448 2405 ὁ
472 2331 658 2426 στρατηγὸς
680 2332 942 2425 ὁύπιβρόντητος
962 2331 1083 2424 μολόν,

362 2438 463 2521 αὐτός
485 2467 519 2510 τι
538 2441 587 2530 χώ
610 2438 776 2529 ξύναιμος,
797 2438 1016 2524 ηθελησάτην

362 2542 515 2634 λωβητὸν
536 2543 640 2615 αὐτὸν
662 2549 822 2632 ἐκβαλεῖν,
844 2550 956 2639 ταφῆς
977 2546 1065 2636 ἀτερ.

363 2656 479 2739 τοίγαρ
503 2651 563 2748 σφ’
586 2651 747 2743 Ὀλύμπου
768 2651 864 2720 τοῦδ’
883 2652 902 2720 ὁ
926 2649 1111 2741 πρεςβεύων
1132 2648 1255 2743 πατὴρ,

361 2754 501 2845 μνήμων
523 2756 552 2824 τ’
577 2753 722 2846 Ἐριννὺς
744 2761 800 2826 καὶ
823 2757 1018 2849 τελιςφόρος
1041 2760 1121 2839 Δίκη
1191 2751 1196 2757 ’

363 2859 484 2941 κακούς
506 2866 613 2942 κακῶς
636 2865 825 2954 φθείρειαν,
848 2857 952 2952 ἀςπερ
975 2859 1104 2945 ἤθελον

361 2961 422 3033 τδν
444 2962 551 3054 ἀνδρα
573 2964 696 3052 λώβαις
719 2969 871 3043 ἐκβαλεῖν
893 2965 1045 3047 ἀναξίως.

362 3073 398 3137 σὲ
420 3069 468 3150 δ’,
492 3063 518 3139 ὦ
540 3072 675 3161 χεραιοῦ
698 3077 828 3159 σπέρμα
850 3074 1008 3160 Λαέρτου
1029 3066 1164 3158 πατρός,

319 3258 321 3262 ι
360 3169 472 3266 τύφου
493 3179 554 3261 μὲν
577 3174 663 3243 ὀκνῶ
674 3173 781 3242 Ιτοῦδ’
802 3173 976 3263 ἐπιψαύειν
998 3177 1066 3263 ἐρίν,

360 3275 407 3362 μὴ
430 3282 477 3364 τιβ
499 3277 646 3346 θανόντι
668 3281 766 3346 τοῦτο
790 3281 936 3367 δυςχερὲς
954 3282 1064 3347 ’ποιοῖξ
1092 3290 1094 3294 ’

361 3377 403 3446 τά
427 3379 461 3447 δ’
481 3376 567 3448 ἀλλα
590 3387 647 3449 καὶ
669 3379 870 3471 ξίμπρασσε,
891 3383 942 3451 κοί
961 3408 1037 3452 τινα
1060 3386 1207 3473 στρατοῦ

359 3485 472 3563 θέλεις
493 3486 647 3572 κομίζειν,
672 3483 766 3553 ούδέν
790 3484 892 3572 ἀλχος
915 3487 1038 3574 ἐξομευ.

360 3584 422 3673 ίχώ
446 3591 480 3656 δὲ
502 3584 610 3658 τάλλα
630 3586 744 3658 πάντα
766 3594 933 3682 πορσυνά·
957 3589 999 3660 σά
1022 3595 1057 3659 δέ

359 3690 445 3783 ἀνὴρ
468 3692 554 3763 καθ’
574 3693 663 3781 ἡμᾶς
685 3693 812 3773 ἐσθλὸς
833 3690 880 3763 ἀν
902 3698 1072 3765 ἐπίστασο.

667 3819 717 3870 ΟΔ
727 3819 843 3871 ῬΣΣΕ
851 3821 913 3873 PX.

363 3894 444 3964 Ἀλλ’
464 3893 592 3979 ἤθελον
613 3906 689 3985 μέν·
714 3907 740 3967 εί
763 3904 797 3968 δὲ
819 3899 867 3985 μή
894 3903 953 3969 ’στί
975 3924 1028 3970 σοι
1051 3905 1153 3995 φίλου

211 3999 295 4064 1375
359 3997 520 4088 πράσσειν
541 4000 621 4069 τόδ’
640 4003 740 4090 ἡμᾶς,
762 4005 823 4090 εἶμ’
844 4011 1018 4085 ἐπαινέσας
1040 4002 1079 4074 τό
1102 4003 1173 4074 σόν.

687 4131 739 4182 ΤΕ
749 4131 894 4184 ῬΚΡΟΣ.

408 4203 508 4286 Ἅλις·
532 4203 596 4292 ἤδη
619 4207 683 4299 χάρ
707 4207 808 4291 πολύς
831 4219 1000 4281 ἐκτέταται

405 4309 545 4402 χρόνος·
568 4313 643 4382 ἀλλ’
663 4321 695 4383 οἱ
717 4320 777 4403 μὲν
798 4321 914 4401 κοίλην
935 4316 1080 4387 κάπετον
