2850 4958
214 335 265 400 154
653 332 927 392 COMMENTARIUS

210 493 498 559 instrumentorum
526 499 560 558 et
586 492 852 560 vestimentorum
879 492 1058 576 vocabula,
1095 489 1259 578 ἐμβάτης,
1289 495 1365 580 [ἐπι-

211 578 350 663 βλήτης,
380 578 581 668 ὑποβάτης],
609 578 811 665 ὑποστάτης,
834 579 1025 665 ὑπενδάτης,
1049 580 1269 669 [insopitus]-
1315 583 1366 649 In·

200 668 339 736 terdum
360 680 469 736 tamen
491 678 607 735 neutra
629 671 796 754 convenit,
826 669 884 736 sed
908 692 990 754 quae
1012 672 1111 758 vulgo
1135 670 1368 757 adjectivorum

210 759 347 825 formam
375 757 490 840 habet,
520 755 648 865 σμόρνα
678 757 894 842 τραγλοδότις
921 757 1036 825 Galen.
1061 759 1175 826 Antid.
1199 759 1226 824 I.
1262 763 1311 824 14.
1336 784 1366 846 p.

213 850 264 914 68.
289 848 327 914 Τ.
344 847 441 914 XIV.
464 849 645 930 προςίκτης
661 844 802 929 θαλλὸς,
825 844 937 931 βωμός
960 845 1156 930 μηλοθότης
1178 871 1216 914 ac
1239 849 1369 915 nomina

212 936 403 1022 poculorum
427 932 644 1019 θερμοπότις,
667 933 831 1016 ἡδυπότις.
855 933 1064 1022 [Βουθότοις
1087 933 1244 1021 ἐσχάραις
1267 938 1368 1004 Arist.

212 1025 298 1091 Avv.
325 1027 420 1091 1232.
450 1028 656 1109 ποριγενέται
681 1027 813 1107 χαλινοί
840 1024 963 1090 Aesoh.
985 1022 1091 1111 Septt.
1116 1025 1209 1111 207]
1256 1025 1369 1109 Ἀκμο-

214 1115 317 1192 θέτης
346 1121 471 1193 autem,
501 1110 590 1196 quod
603 1112 851 1200 rIrerricographi
878 1137 920 1178 ex
942 1112 1110 1201 Hesychio
1138 1112 1280 1180 efferunt
1309 1137 1369 1202 pro

214 1199 418 1285 άκμόθετον,
440 1200 571 1265 Musuri
593 1201 706 1266 nititur
729 1202 929 1267 correctione
952 1202 1042 1267 falsa.

301 1289 344 1356 V.
368 1293 441 1356 242.
490 1288 591 1354 Hales
613 1292 730 1374 λιγορᾷ
751 1288 886 1375 μάστιγι
910 1331 953 1342 -—
975 1291 1027 1357 le
1049 1291 1114 1357 hoc
1135 1289 1221 1356 loco'
1235 1290 1370 1356 ductum

214 1386 264 1445 est
285 1378 414 1445 fabulae
437 1377 590 1464 elogium,
614 1378 703 1463 quod
725 1401 784 1444 our
806 1377 979 1445 Harlesius
1003 1379 1046 1445 ed
1066 1379 1165 1446 Febr.
1189 1379 1229 1443 Β.
1254 1377 1316 1447 Gr.
1338 1402 1369 1465 p.

216 1470 288 1533 196.
319 1466 580 1534 commenticium
609 1475 738 1553 putaret
765 1489 864 1534 causa
892 1469 981 1536 nulla
1004 1478 1087 1548 erat3
1116 1491 1191 1533 nam
1213 1467 1371 1534 librorum

143 1601 146 1605 »
212 1555 440 1644 inscriptiones
478 1578 574 1642 saepe
609 1578 629 1621 a
656 1556 753 1623 rebus
781 1557 957 1623 levioribus
987 1567 1020 1623 et
1048 1558 1141 1665 quasi
1169 1555 1370 1623 secundariis

212 1647 369 1732 repetItse
385 1653 476 1724 sunt3
497 1641 691 1722 Ἱππόλυτος
707 1649 898 1733 στεφανίας,
921 1649 1176 1730 καλοπτομενος,
1192 1667 1233 1712 ec
1249 1646 1277 1711 si
1293 1646 1370 1711 haec

212 1735 378 1822 tragoedia
407 1744 445 1800 ut
473 1734 639 1799 summarii
668 1733 820 1800 conditor
846 1733 1007 1820 prodidit,
1034 1735 1069 1800 in
1092 1733 1280 1800 didascaliis
1305 1734 1370 1801 solo

213 1825 361 1900 Αἴαντος
382 1823 513 1889 nomine
534 1822 700 1910 insignita,
722 1823 960 1888 aDiceearcho
983 1822 1132 1900 Αἴαντος
1147 1820 1304 1899 θάνατος
1326 1823 1370 1887 ln·

165 1978 168 1983 “
213 1910 804 2088 lilidlltanllluirihlhib
812 1911 1037 2084 ..tittthssf
1039 1911 1371 2076 11ιῖ51515725.

213 2087 352 2154 Aristot.
386 2089 483 2156 Rhet.
517 2088 561 2154 Π.
596 2090 649 2154 28.
681 2112 714 2175 p.
744 2091 846 2173 1400,
882 2091 935 2158 27.
970 2087 1203 2175 Βορὴοοίεοη
1219 2087 1371 2155 Clemens

158 2199 201 2246 εει
214 2173 334 2244 Strom.
358 2177 418 2244 VI.
443 2179 518 2245 740.
541 2177 732 2253 Athenaeus
748 2177 823 2244 VII.
849 2180 923 2244 277.
948 2175 987 2244 Ο.
1011 2177 1175 2244 Zenobius
1198 2175 1296 2245 Ceut.
1314 2176 1369 2244 IV.

213 2268 245 2331 4.
268 2265 401 2332 Αἴαντα
423 2263 676 2357 μαστιγοφόροι
698 2274 828 2350 vocant,
852 2265 1065 2334 Grammatici
1081 2267 1211 2341 brevius
1229 2265 1372 2349 Αἴαντα,

213 2364 251 2421 ut
273 2355 460 2441 saepissime
482 2355 516 2420 in
538 2354 699 2421 lemmatis
722 2353 865 2439 Stobaei,
888 2356 1079 2423 Eustathius
1101 2379 1133 2442 p.
1157 2357 1234 2438 757,
1259 2359 1311 2421 16.
1342 2362 1373 2422 et

213 2469 246 2532 p.
272 2446 373 2527 1139,
404 2448 456 2511 61.
485 2444 675 2529 simpliciter
701 2439 760 2510 τὸν
788 2442 1056 2536 μαστιγοφόρον,
1093 2446 1298 2532 Ajacemque
1328 2444 1373 2509 ite

214 2534 478 2621 cognominatum
499 2540 593 2620 putat
616 2532 657 2609 ὡς
680 2536 850 2617 θεομηνέᾳ
872 2531 1090 2617 περιπεσόντα
1112 2557 1145 2621 p.
1162 2536 1238 2616 891,
1262 2535 1316 2600 28.
1340 2541 1373 2599 et

214 2626 290 2706 961,
314 2624 366 2690 25.
396 2624 473 2709 quia
503 2643 597 2688 casus
626 2624 696 2709 ejus
724 2646 755 2687 v.
780 2624 852 2687 187.
882 2618 991 2705 πληγὴ
1014 2618 1091 2699 Διός
1112 2629 1259 2703 vocetur,
1284 2620 1373 2706 quod

214 2735 289 2779 cum
311 2712 477 2778 homerico
494 2706 571 2788 Διὸς
592 2709 728 2795 μάστιγι
751 2713 906 2795 δαμέντες
929 2711 1097 2778 contendit
1108 2712 1147 2796 1).
1193 2709 1271 2792 Quo
1292 2719 1374 2777 tom·

212 2801 294 2890 poro
319 2802 354 2867 in
382 2824 514 2870 scenam
543 2799 715 2865 commissa
744 2800 801 2882 sit,
829 2822 896 2865 non
926 2807 1063 2866 constat.
1115 2800 1302 2866 Boeclrhius
1332 2798 1374 2864 de

213 2892 313 2978 Trag.
336 2890 391 2956 Pr.
420 2914 453 2977 p.
477 2891 550 2955 137.
581 2896 657 2955 ante
679 2888 896 2954 Philoctetam
923 2888 988 2954 hoc
1010 2896 1157 2954 estante
1180 2885 1235 2956 Ol.
1258 2885 1372 2953 XCII.

214 2989 320 3046 actam
343 3001 415 3045 esse
438 3003 478 3045 ex
500 2977 608 3045 Ulixis
631 2977 774 3044 oratione
796 3001 827 3042 v.
847 2979 941 3046 1047.
964 2977 1159 3064 suspicatur.
1205 2976 1268 3044 Eo.
1293 2976 1351 3042 Pu.

302 3067 344 3134 V.
363 3069 437 3136 243.
483 3063 584 3132 Κακά
613 3063 775 3140 δεννάζων
798 3063 932 3152 ῥήματα
955 3103 999 3116 -—
1021 3065 1115 3133 Haec
1137 3065 1230 3132 affort
1244 3062 1374 3145 ¹Suidas

215 3179 241 3225 s.
265 3155 451 3239 Δεννάζον,
479 3155 568 3242 quod
595 3154 731 3220 verbum
759 3155 836 3220 hinc
859 3155 1003 3221 enotavit
1024 3155 1215 3222 Eustathius
1246 3177 1280 3240 p.
1298 3155 1375 3236 668,

215 3248 267 3311 47.
292 3253 325 3310 et
345 3245 482 3311 fortasse
503 3243 692 3330 Hesychius
708 3241 888 3327 Δεννάζων,
912 3245 1081 3328 λοιδορῶν.
1126 3242 1290 3329 Exempla
1305 3245 1376 3330 ejus

216 3333 417 3421 collegerunt
438 3333 582 3399 Brunclr.
606 3332 648 3398 ed
670 3332 784 3420 Antig.
809 3334 883 3398 759.
909 3340 941 3399 et
964 3331 1099 3400 Jacobs.
1117 3331 1275 3398 Exercitt.
1294 3328 1376 3397 crit.

214 3447 247 3513 p.
266 3424 339 3491 184.
368 3419 556 3490 Sustantivo
587 3422 701 3499 δέννος
723 3423 825 3488 utitur
847 3420 1054 3503 Herodotus3
1084 3420 1282 3509 adjectiwm
1304 3422 1377 3486 δεν·

215 3510 273 3590 νός
300 3511 488 3600 Hesychius
516 3512 748 3598 interpretatur
775 3507 971 3596 κακολόγος;
1000 3511 1035 3576 id
1063 3507 1264 3578 scholiastes
1292 3509 1326 3577 h.
1355 3508 1377 3573 l.

216 3625 257 3668 ex
278 3600 399 3667 usitato
422 3598 528 3678 δεινός
551 3623 744 3668 conversum
766 3608 870 3686 putat.
915 3600 976 3666 En.
1001 3599 1058 3665 Ps.

304 3690 346 3756 V.
374 3691 449 3757 244.
511 3687 661 3774 ‘Pinari'
692 3683 716 3754 οἳ
749 3692 879 3773 δαίμων
912 3687 1039 3766 κούδεὶς
1072 3686 1202 3774 ἀνδρῶν
1235 3683 1378 3765 ἐδίδαξε.

216 3778 425 3847 Hermannus
448 3781 511 3848 hoc
533 3777 663 3846 brevius
687 3776 811 3843 dictum
834 3785 945 3844 censet
967 3800 1027 3864 pro
1050 3775 1157 3854 οὐδεὶς
1178 3778 1308 3859 δαίμων
1324 3776 1380 3840 καὶ

218 3867 324 3947 οὐδεὶς
346 3867 491 3952 ἀνδρῶν,
522 3872 614 3956 cujus
639 3865 891 3933 constructionis
915 3865 1063 3952 exempla
1086 3864 1194 3932 afferri
1215 3887 1235 3929 a
1256 3860 1380 3932 Schae·

216 3958 285 4025 fero
314 3957 356 4025 ad
386 3958 463 4025 Bos.
492 3983 524 4045 p.
549 3961 623 4023 777.
683 3955 776 4022 Ηοεο
806 3979 883 4022 vero
913 3963 947 4021 et
975 3977 1059 4040 quae
1088 3952 1239 4022 Struvius
1269 3952 1379 4022 Lectt

216 4047 354 4114 Lucian.
379 4071 410 4133 p.
429 4049 503 4114 242.
533 4047 711 4134 Elmslejus
735 4044 778 4110 ad
801 4042 885 4112 Oed.
910 4045 949 4110 Τ.
968 4046 1042 4113 817.
1073 4044 1202 4132 [Poppo
1226 4039 1379 4148 sshucprl.

216 4136 292 4211 Ind.
314 4160 339 4203 s.
356 4136 514 4225 Negatio]
538 4145 571 4203 et
586 4135 641 4202 alii
657 4133 866 4223 collegerunt,
891 4155 1039 4220 quaeque
1054 4133 1126 4222 ipse
1141 4153 1261 4221 repen,
1284 4152 1382 4199 umus

290 4352 314 4419 ¹)
335 4356 456 4422 Sophocl.
481 4356 521 4420 sj.
547 4355 621 4405 Locr.
645 4357 685 4405 Fr.
709 4354 754 4404 IV.
783 4342 853 4402 όταν
879 4347 909 4403 di
932 4347 1041 4419 ‹laipno›
1065 4341 1168 4424 ἀνδρὸς
1191 4343 1325 4413 denote
1347 4344 1384 4400 td

215 4427 280 4494 πρὶν
297 4420 413 4498 μάστιγ’
427 4427 516 4498 ἐρείσῃ
535 4427 610 4478 scrib.
629 4417 781 4494 πλάστιγγ’
809 4449 843 4460 -
