2850 4956
484 1296 857 1385 ΥΠΟΘΕΣΙΣ.

190 1702 242 1784 Τὸ
269 1712 392 1810 δρᾶμα
419 1714 486 1808 τής
512 1713 668 1808 τρωϊκής
690 1715 770 1782 ἐστι
788 1712 1051 1809 πραγματείας,
1079 1704 1195 1809 ὥςπερ
1214 1711 1250 1780 οἱ

79 1854 341 1955 Ἀντήνορίδαι
367 1857 427 1928 καὶ
452 1857 725 1949 Αίχμαλωτίδες
759 1856 821 1926 καὶ
841 1853 984 1954 Ἑλένης
1016 1847 1162 1954 ἁρπαγή
1189 1857 1250 1928 καί

86 2006 262 2095 Μέμνων.
320 1992 574 2087 Πεπτωκότος
604 1992 672 2099 γάρ
704 2005 742 2071 ἐν
773 2005 818 2104 τῇ
843 1993 941 2105 μάχή
970 2005 1037 2074 τοῦ
1065 1997 1250 2094 Ἀχιλλέως

84 2139 240 2220 ἐδόκουν
263 2147 360 2233 Αἴας
391 2174 428 2218 τε
455 2147 515 2218 καὶ
534 2139 739 2233 Ὀδυσσεὺς
765 2117 817 2218 ἐπ’
845 2143 948 2242 αὐτῷ
973 2149 1083 2218 πλέον
1109 2175 1144 2218 τι
1171 2144 1249 2246 άρι·

85 2285 232 2366 στεύειν
258 2293 340 2391 περὶ
366 2284 434 2390 τήν
459 2297 527 2366 τοῦ
554 2285 725 2388 σώματος
751 2286 921 2391 κομιδήν·
950 2295 1010 2364 καί
1030 2299 1250 2391 κρινομένων

85 2444 171 2537 περὶ
202 2442 274 2509 τῶν
304 2433 440 2524 ὅπλων,
474 2449 599 2537 κρατεῖ
619 2431 839 2525 Ὀδυσσεὺς,
872 2434 964 2510 ὅθεν
996 2437 1015 2510 ὁ
1042 2440 1156 2525 Αἴας,
1184 2443 1251 2536 τής

85 2586 238 2682 κρίσεως
267 2576 318 2682 μή
352 2577 488 2678 τοχων,
525 2586 811 2683 παρακεκίνήται
843 2585 902 2655 καὶ
928 2585 1156 2684 διέφθαρται
1184 2573 1249 2681 τήν

84 2723 250 2827 γνώμην,
286 2724 378 2802 ὥστε
411 2723 665 2831 ἐφαπτόμενος
701 2733 773 2800 τῶν
808 2730 989 2823 ποιμνίων
1019 2730 1137 2800 δοκεῖν
1163 2717 1251 2812 τούς

76 2872 254 2978 Ἓλληνας
284 2869 582 2975 διαχρήσασθαι,
614 2877 675 2947 καὶ
707 2867 753 2946 τά
784 2878 852 2970 μέν
883 2871 997 2945 άνεῖλε
1024 2877 1097 2944 των
1124 2896 1249 2970 τετρα-

85 3017 228 3107 πόδων,
268 3013 314 3093 τά
352 3024 392 3094 δὲ
426 3015 544 3121 δήσας
576 3018 708 3114 ἀπάγει
741 3023 801 3093 ἐπὶ
833 3014 901 3119 τήν
933 3012 1087 3119 σκηνήν,
1128 3023 1166 3090 ἐν
1197 3017 1252 3103 οἷς

86 3172 168 3241 ἐστι
198 3168 258 3238 καί
289 3161 390 3266 κριός
421 3192 477 3255 τις
503 3167 643 3261 ἔξοχος,
676 3162 718 3239 δν
743 3164 833 3264 ᾤετο
861 3169 952 3238 εἶναι
976 3161 1177 3250 Ὀδυσσέα,
1210 3158 1252 3234 ὃν
1359 3266 1360 3269 ¹

85 3305 208 3412 δήσας
237 3315 498 3407 ἐμαστίγωσεν,
533 3309 626 3385 ὅθεν
656 3315 714 3385 καὶ
748 3318 793 3418 τῇ
824 3316 1010 3416 ἐπιγραφή
1041 3303 1251 3410 πρόςκειται

83 3459 105 3530 ὁ
143 3451 455 3558 Μαστιγοφόρος,
489 3454 515 3556 ή
545 3451 648 3563 πρὸς·
671 3448 955 3555 ἀντιδιαστολήν
987 3462 1055 3529 τοῦ
1088 3460 1252 3555 Λοκροῦ.

83 3605 312 3703 Δικαίαρχος
344 3607 384 3677 δε
409 3605 572 3692 Αἴαντος
603 3597 786 3677 δάνατονι
802 3595 1012 3720 ἐπιγράφει
1040 3581 1145 3674 ένλδὲ
1171 3611 1253 3688 ταῖς

81 3751 344 3836 διδασκαλίαις
368 3751 487 3847 ψιλῶς
512 3751 624 3837 Αιας
650 3741 956 3869 ἀναγέγραπται.

189 3899 322 3968 Ταῦτα
352 3893 421 3990 μέν
452 3883 519 3968 οὖν
544 3889 698 3995 πράττει
725 3923 746 3966 ο
762 3897 884 3982 Αιας·
911 3853 1184 3997 καταλαμβάνει
1211 3858 1264 3964 δέ

76 4041 230 4140 Ἀθηνᾶ
252 4037 485 4116 ΗΟδυσσέα
468 4042 528 4113 επὶ
560 4045 628 4138 τῆς
654 4062 791 4138 σκήνής
816 4031 1073 4125 διοπτεάοντα,
1101 4041 1137 4110 τί
1160 4064 1251 4109 ποτε

79 4185 161 4288 ἄρα
197 4178 354 4284 πράττει
384 4184 403 4256 ὁ
435 4187 548 4272 Αἴας·
585 4185 647 4256 καὶ
678 4186 783 4283 δήλοῖ
815 4180 918 4280 αὐτῳ
956 4175 1003 4255 τά
1033 4186 1254 4282 πραχθέντα

51 4333 54 4335 ’
78 4361 147 4407 και
172 4333 411 4431 προκαλεῖται
437 4335 487 4418 εἰς
514 4323 554 4403 τὸ
582 4335 741 4431 εμφανὲς
769 4323 832 4402 τὸν
854 4331 1048 4402 Αλαντα”
1025 4354 1080 4398 ετι
1107 4330 1251 4424 έμμανή

1061 4452 1074 4498 1
1086 4449 1100 4480 ἢ
