2858 4964
420 355 466 408 ln
486 355 585 409 soen.
605 354 648 408 rr.
686 355 853 410 vae-40.
890 346 891 349 ’
1140 393 1142 398 ν
1182 363 1216 416 73

54 511 187 576 vinculo
212 511 455 593 contineantur,
478 505 592 596 ᾅσσειν
615 521 648 576 et
668 517 739 598 χείρ
762 513 851 579 nullo
874 515 937 580 nisi
958 515 1104 583 fortuito.
1136 518 1215 584 rta-

56 623 120 684 que
148 599 205 664 illa
234 598 475 685 eodemmodo
505 599 699 687 copulantur
722 623 785 685 quo
809 602 957 682 ἐξελθεῖν
981 614 1013 670 et
1034 609 1215 689 προελθεῖν

57 687 132 754 οὐδὲ
161 684 220 754 τόν
250 695 360 772 ἐτερον
388 686 477 754 πόδα
499 689 657 761 Dinarch.
682 713 709 756 c.
735 691 829 756 Dem.
853 715 885 777 p.
906 695 979 776 100,
1004 696 1096 779 821)
1126 695 1216 760 nulla

57 801 132 843 oum
160 777 298 843 actionis
326 777 516 843 transitione
546 777 603 844 sed
632 780 677 844 ite
705 787 742 843 ut
770 781 965 866 praepositio
993 781 1068 846 addi
1098 784 1214 868 possit,

56 889 155 951 quam
179 866 332 952 apposuit
353 866 520 932 Lucienus
543 867 649 954 Epist.
665 865 732 935 Sat.
758 870 786 954 ξ.
806 871 855 934 19.
880 868 968 933 καθ’
989 868 1149 953 ὁπότερον
1173 867 1215 936 όν

56 958 238 1046 προβαίνη,
273 958 365 1042 cujus
392 956 640 1042 praepositionis
668 957 758 1022 notio
790 981 863 1022 cum
893 958 992 1024 verbo
1023 961 1214 1042 συμβαίνειν

56 1044 346 1130 comprehenditur
368 1044 522 1110 Philostr.
547 1044 589 1110 V.
613 1046 679 1134 Ap.
701 1045 760 1111 IV.
786 1048 817 1128 8,
844 1049 915 1115 168.
945 1047 1065 1113 Achill.
1090 1047 1163 1112 Tat.
1187 1047 1214 1114 I.
1228 1065 1257 1110 se

59 1137 88 1216 1,
115 1134 166 1197 15.
197 1133 333 1218 aliisque
360 1134 442 1199 locis
471 1133 527 1199 ubi
557 1134 675 1200 dicitur
704 1131 917 1218 συμβεβηκός
949 1134 992 1200 νδ
1015 1134 1106 1201 πόδε.
1160 1134 1216 1202 Sic

55 1222 156 1310 igitur
179 1230 298 1305 statuo,
322 1243 395 1287 cum
417 1223 520 1288 hocce
543 1222 642 1289 verbo
658 1224 824 1289 notionem
839 1223 932 1310 pedis
946 1225 993 1289 ita
1008 1228 1216 1311 conjunctam
1302 1244 1303 1247 ’

56 1334 128 1377 esse
151 1320 188 1376 ut
211 1334 270 1376 sua
293 1320 409 1396 sponte
433 1334 468 1376 se
490 1312 632 1377 insinuet
653 1313 924 1400 incogitantibus‚¹
950 1314 1094 1399 nihilque
1117 1314 1216 1379 inter·

56 1423 130 1466 esse
157 1408 265 1465 utrum
294 1401 328 1464 in
358 1401 543 1466 accusativo
572 1411 712 1487 ponatur
741 1425 782 1466 an
812 1403 846 1466 in
876 1401 1000 1467 dativo:
1030 1404 1216 1488 προςβῇναι

55 1491 136 1554 ποδί
165 1489 244 1554 Eur.
273 1488 429 1556 Ε1.·490.
460 1488 545 1554 Ηοο.
572 1492 666 1556 1263.
703 1492 849 1572 ἐμβαίνω
878 1493 956 1556 ποδί
987 1494 1080 1557 1288.
1112 1490 1214 1556 Rhes.

57 1579 135 1643 214.
168 1586 202 1644 et
231 1599 306 1643 cum
335 1578 404 1644 aliis
435 1577 543 1644 verbis
574 1577 617 1643 ἵν’
644 1575 772 1660 ἐκβάλω
807 1580 884 1642 ποδὶ
919 1573 1024 1659 άλλην
1060 1578 1109 1643 ἐπ’
1137 1577 1216 1643 αἶαν

56 1666 107 1731 ΕΙ.
127 1669 180 1732 94.
209 1669 354 1749 θριγκοῦ
377 1665 569 1751 ὑπερβάλλω
595 1668 667 1753 (vel
689 1664 897 1752 ὑπερβαίνω)
922 1670 1000 1731 ποδί
1027 1667 1093 1732 lon.
1120 1669 1213 1733 1321.

57 1754 97 1820 de
127 1779 192 1840 quo
221 1755 294 1821 loco
324 1755 541 1842 disceptatur,
570 1755 701 1837 κλίμακ’
726 1760 844 1840 ἐκπέρα
867 1758 946 1822 ποδί
967 1755 1113 1821 Phoenn.
1141 1749 1213 1821 100.

57 1853 89 1910 et
112 1866 187 1909 cum
210 1846 395 1910 accusativo
419 1853 453 1909 ἐκ
475 1849 535 1928 γῆς
558 1843 651 1925 τῆςδ’
672 1841 892 1910 ἀπαλλάσσου
913 1841 1002 1910 πόδα
1025 1844 1115 1910 Med.
1139 1845 1213 1910 728.

57 1932 168 1999 οὐκέτ’
193 1939 228 1998 ἐν
261 1938 300 2025 γῇ
330 1931 404 2022 τῇδ’
431 1932 633 2019 ἀναστρέψει
663 1931 751 2000 πόδα
780 1933 883 2019 Hipp.
910 1936 1004 2000 1106.
1036 1937 1087 1999 ἐπὶ
1116 1937 1216 2017 μαίας

55 2019 145 2087 πόδα
169 2020 309 2102 πεζεόων
331 2023 406 2090 Alc.
424 2024 499 2088 809.
524 2020 651 2113 ἐμβήσρ
674 2019 763 2088 πόδα
786 2022 918 2088 Heracl.
946 2025 1017 2088 169.
1042 2025 1127 2107 περᾷ
1148 2017 1214 2091 tot

57 2112 179 2190 σκηνῆς
207 2108 295 2176 πόδα
323 2111 407 2177 Hec.
432 2112 485 2179 53.
514 2108 684 2194 μαλακοὺς
711 2106 824 2188 κισσὸς
853 2108 967 2176 ἅλοιτο
997 2107 1103 2188 πόδας
1120 2111 1216 2198 Ery·

59 2200 128 2265 cius
151 2199 265 2287 Epigr.
288 2198 386 2265 XIII.
417 2197 630 2284 άμφίσβαινα
659 2198 737 2290 λοξῇ
758 2197 913 2284 καμπύλα
936 2202 1024 2265 reiro
1047 2203 1216 2284 περισκαί-

58 2311 165 2372 ρουσα
194 2292 308 2379 πορείη
336 2288 446 2354 Noun.
472 2288 513 2354 V.
541 2291 612 2354 150.
650 2288 783 2370 Σεμέλη
813 2287 899 2372 λοξῷ
925 2286 1097 2371 καμπύλον
1128 2288 1217 2374 ἰ’χνος

57 2380 308 2460 ύποσκαίρουσα
331 2377 565 2462 aedito-VIII.
591 2379 643 2443 21.
667 2377 786 2462 Neque
810 2377 914 2443 solum
937 2376 1045 2443 verbis
1068 2378 1216 2444 incessus

57 2465 115 2533 sed
144 2466 311 2549 omnibuS,
341 2488 422 2551 quae
453 2465 493 2530 ad
518 2466 664 2552 corporis
687 2474 795 2531 motus
818 2467 1012 2550 referuntur,
1037 2465 1113 2532 addi
1136 2467 1218 2533 solet

56 2579 176 2621 nomen
211 2558 280 2642 ejus
314 2555 431 2640 partis,
467 2577 549 2639 quae
580 2556 614 2620 in
644 2563 735 2620 motu
765 2562 827 2634 est;
864 2556 944 2619 λέων
971 2559 1078 2640 χαίνει
1108 2554 1217 2637 στόμα

56 2644 159 2710 Anth.
189 2643 260 2712 Pal.
284 2643 345 2708 IX.
370 2667 401 2708 n.
420 2646 493 2712 797.
524 2642 542 2724 ἡ
571 2647 616 2728 μῆ
646 2646 739 2727 ἐχανε
769 2640 807 2707 τό
836 2640 946 2727 στόμα
969 2644 1072 2722 αὐτῆς
1095 2641 1216 2708 Gener.

56 2733 114 2801 IV.
142 2736 194 2801 ll.
225 2739 372 2799 ἐπένευσε
401 2725 462 2811 την
492 2728 641 2818 κεφαλήν
663 2730 823 2798 Artemid.
848 2731 889 2796 V.
915 2735 969 2814 71,
992 2733 1068 2799 423.
1092 2740 1125 2795 et
1147 2736 1218 2795 ἐπέ-

56 2845 149 2889 νευσε
180 2824 220 2914 τῇ
245 2824 372 2910 κεφαλῇ
395 2821 481 2886 Plut.
504 2820 548 2887 V.
572 2821 702 2907 Philop.
727 2844 755 2906 c.
779 2819 863 2885 XX.
887 2817 999 2905 βρόχοι
1022 2813 1098 2895 rode
1121 2813 1218 2884 ὀδόν-

57 2937 118 2987 τας
141 2911 303 2997 Hippocr.
334 2910 374 2976 de
396 2908 505 2976 Morb.
530 2909 614 2976 Mul.
637 2909 663 2974 I.
690 2912 764 2975 611.
794 2916 827 2973 et
856 2909 929 2973 623.
954 2909 993 2972 Τ.
1009 2907 1052 2973 Π.
1078 2907 1217 2972 Archias

55 2994 175 3088 Epigr.
198 3000 279 3066 XII.
296 3003 326 3065 4.
353 3000 512 3084 [Erotion.
536 3023 569 3085 p.
588 2999 677 3082 106.]
701 3007 733 3063 et
754 2993 868 3081 βρόχει
890 3006 959 3071 τοῖς
983 2995 1109 3077 ὀδοῦσι,
1132 3000 1219 3078 freo-

55 3093 107 3154 det
139 3092 247 3154 dentes
276 3098 309 3154 et
337 3091 499 3170 dentibus,
532 3110 614 3172 quae
644 3089 744 3154 verba
771 3088 821 3152 his
845 3085 1027 3150 nominibus
1051 3094 1118 3149 tam
1142 3107 1219 3172 cog-

52 3187 132 3243 nata
157 3185 243 3259 sunt,
268 3201 362 3262 quam
386 3174 478 3259 μύειν
502 3178 551 3242 ori
572 3177 750 3261 oculisque,
776 3173 924 3254 ὀκλάζειν
939 3174 1098 3261 genubus,
1122 3178 1220 3264 φρίσ-

53 3290 126 3330 σειν
156 3288 284 3348 comae,
315 3267 473 3349 offendere
503 3265 659 3350 pedibus,
687 3266 792 3332 oculis
823 3268 1006 3344 connivere,
1031 3262 1089 3329 sed
1112 3263 1221 3328 omnia

50 3355 249 3440 plerumque
273 3355 419 3419 absolute
443 3363 651 3438 usurpantur,
676 3377 737 3419 nec
760 3353 865 3419 facilis
890 3351 1088 3438 dijudicatio,
1111 3360 1220 3416 utrum
1283 3374 1285 3377 ·

51 3444 269 3528 pleonasmus
303 3441 345 3507 sit
379 3444 408 3507 'si
438 3443 570 3506 nomina
598 3444 732 3507 istarum
762 3443 902 3529 partium
930 3438 1144 3526 adjiciuntur,
1179 3464 1220 3504 an

52 3532 181 3616 ellipsis
205 3531 233 3594 si
257 3529 374 3596 desunt
386 3533 425 3616 2).
473 3528 540 3596 Sed
563 3531 639 3595 nolo
662 3530 697 3595 id
719 3531 827 3596 facere
850 3529 997 3615 longius3
1021 3537 1113 3614 patet
1136 3531 1221 3593 enim

54 3659 261 3666 ----—..-..-.

133 3708 163 3773 ¹)
191 3711 307 3776 Simplex
334 3713 443 3763 fortasse
472 3714 531 3764 Eur.
561 3714 618 3764 Alc.
645 3712 720 3762 1163.
750 3703 891 3773 εὐτυχοίης
918 3701 1051 3774 νόστιμον
1079 3701 1108 3758 δ’
1130 3703 1221 3760 ἐλθοις

53 3776 132 3832 πόδα
151 3785 220 3833 haud
238 3786 312 3848 pauci
332 3786 406 3835 codd.
425 3787 550 3849 praebent
568 3802 614 3850 pro
633 3779 725 3833 ἐλθοις
744 3775 819 3831 ὁδόν.
863 3781 913 3832 Sed
932 3783 1031 3832 videtur
1048 3783 1134 3847 potius
1153 3779 1222 3831 ποῦς

56 3872 103 3920 pro
123 3856 222 3920 πορεία
240 3857 353 3920 positum
373 3863 400 3905 ut
414 3849 516 3923 χρόνον
535 3856 604 3908 ποῦς
623 3864 671 3906 etc.
714 3854 755 3903 De
774 3853 907 3904 Ciceronis
926 3854 1003 3903 verbo
1024 3854 1110 3919 pedem
1130 3869 1142 3901 e
1160 3850 1221 3902 villa

58 3926 152 3991 cyrensi
174 3944 220 3975 non
243 3944 336 3988 εαικαε,
361 3928 469 3977 dubitari
494 3935 581 3992 potest
598 3942 691 3992 graeco
709 3940 780 3974 more
801 3927 896 3975 dictum
915 3925 948 3974 sit
966 3941 999 3974 an
1016 3940 1131 3975 romano.
1170 3922 1221 3972 Sed
1310 3981 1313 3984 Α

60 3999 206 4048 Aristotelis
226 3999 257 4047 de
275 4000 371 4048 inoess.
392 4000 478 4048 Anim.
498 4015 519 4050 c.
539 4000 571 4049 V.
593 3999 652 4060 706,
673 3999 696 4046 7.
722 3986 880 4048 ariarecti
899 3986 1030 4064 άριστερά
1048 3985 1221 4063 προβάλλον-

59 4085 104 4117 ται
126 4069 171 4117 καὶ
196 4065 314 4121 ἑστῶτες
337 4062 527 4137 προβεβήκασι
549 4058 585 4118 τά
610 4059 741 4137 ἀριστερὰ
763 4061 880 4132 μᾶλλον,
908 4068 1034 4132 prioribus
1053 4067 1221 4116 adnumeran-

62 4141 120 4188 dum
147 4150 198 4199 est,
224 4148 253 4190 ut
271 4148 296 4190 et
315 4141 508 4202 substantivum,
528 4156 578 4204 quo
599 4141 719 4191 Comicus
738 4141 817 4189 utitur
834 4140 861 4189 in
881 4137 967 4189 Schol.
987 4138 1073 4202 Apoll.
1093 4137 1138 4185 111.
1158 4135 1220 4214 933.
1253 4185 1260 4192 ,

65 4205 189 4262 θεσσαλὶς
208 4203 321 4275 σελήνης
340 4209 450 4281 αἰθέρος
467 4204 637 4277 καταιβάτις.
675 4211 766 4262 Snidas
785 4203 966 4274 Καταιβάτης
982 4198 1051 4258 Ζεὺς
1071 4237 1105 4245 -
1124 4199 1168 4254 δια
1188 4197 1222 4286 τὸ

64 4274 260 4347 καταβιβάζειν
287 4273 339 4332 τὸν
366 4276 512 4346 κεραυνόν·
541 4285 585 4333 sed
613 4285 663 4334 hoc
685 4284 815 4334 incertius.
845 4272 964 4350 [προβὰς
993 4269 1047 4326 τὸν
1071 4269 1144 4326 atta
1171 4293 1223 4326 τον

66 4343 208 4421 ἀριστερὸν
225 4356 270 4403 καὶ
287 4346 340 4404 τὸν
359 4345 448 4412 δεξιὸν
466 4347 576 4420 ὑποβάς
593 4355 658 4406 Ρο11.
678 4356 710 4406 V.
725 4351 779 4416 23.]

133 4437 159 4502 ²)
180 4441 208 4492 Si
221 4442 325 4492 verbum
337 4433 463 4502 ὀκλάζειν
475 4457 533 4492 curn
545 4435 620 4504 κλᾷν,
639 4443 759 4506 ruffiaqo,
779 4439 888 4505 supplex,
909 4443 1045 4501 cognatum
1058 4442 1105 4496 est,
1119 4437 1222 4502 proprie
