2850 4956
653 332 920 386 ΣΟΦΟΚΛΕΟΥΣ

665 508 910 560 ΟΔῬΣΣΕῬΣ

362 593 404 660 Τί
425 589 490 679 γάρ
514 591 545 658 σ’
566 593 712 679 ἔδρασεν,
737 588 819 656 ῶστε
842 594 897 656 καὶ
919 585 1053 673 βλάβην
1076 589 1177 673 ἔχεως

638 722 936 775 ΑΓΑΜΕΜΝΩΝ

210 814 294 878 1300
363 805 411 874 Οό
433 804 514 898 φησ’
535 804 644 873 ἐάσειν
665 803 761 872 τόνδε
784 802 843 871 τόν
860 799 981 890 ,νεκρόν
1005 805 1115 892 ταφῆς

275 892 277 905 ’
359 909 509 1000 ἄμοιρον,
533 906 619 977 ἀλλά
641 907 724 995 πρὸς
745 912 826 994 βίαν
848 907 979 996 θάψειν
1002 911 1092 994 ἐμοῦ.

665 1043 911 1094 ΟΔῬΣΣΕῬΣ

352 1127 497 1208 ’Ἔξεστιν
520 1118 580 1193 οὖν
603 1124 726 1192 εἰπόντι
747 1124 887 1207 τάληθῆ
909 1128 1004 1215 φίλῳ,

360 1237 415 1300 σοὶ
435 1233 538 1319 μηδὲν
562 1221 666 1310 ἧσσον
689 1225 710 1311 ἢ
732 1227 839 1314 πάρος
861 1229 1085 1313 ξυνηρετμεῖν;

641 1353 936 1406 ΑΓΑΜΕΜΝΩΝ

359 1437 454 1505 Είπ’·
480 1429 503 1518 ἦ
524 1430 588 1523 χάρ
612 1436 682 1517 ε’ίην
704 1435 763 1503 οόκ
786 1432 829 1503 άν
852 1427 887 1502 εὖ
910 1437 1054 1525 φρονῶν,
1078 1436 1148 1498 ἐπεὶ

361 1545 462 1634 φίλον
484 1540 515 1609 σ’
536 1536 597 1625 ἐχῶ
619 1545 775 1627 μέγιστον
796 1540 948 1625 Ἀργείων
970 1543 1066 1623 νέμω.

668 1661 910 1716 ΟΔῬΣΣΕΨΣ

357 1747 467 1817 Ἀκονέ
490 1771 564 1815 νυν·
588 1744 647 1813 τόν
670 1742 778 1830 άνδρα
801 1744 904 1825 τόνδε,
927 1740 1011 1828 πρὸς
1032 1747 1134 1824 θεῶν,

358 1850 404 1939 μὴ
428 1855 504 1943 τλῇς
527 1847 689 1919 άθαπτον
712 1842 773 1916 ὧδ’
794 1847 987 1934 ἀναλγήτως
1008 1851 1140 1934 βαλεῖν·

359 1955 441 2043 μηδ’
461 1956 483 2036 ἡ
505 1958 565 2041 βία
589 1978 625 2023 σε
647 1957 808 2044 μηδαμῶς
829 1951 993 2035 νικησάτω

361 2057 497 2127 τοσόνδε
520 2072 638 2145 μισεῖν,
662 2058 744 2127 ὥστε
766 2055 827 2140 τὴν
850 2061 945 2139 δίκην
966 2070 1091 2124 πατεῖν.

361 2162 462 2249 κάμοὶ
484 2159 549 2249 γάρ
572 2154 614 2244 ἦν
636 2162 726 2229 ποθ’
747 2155 842 2240 οὗτος
865 2165 1021 2248 ἔχθιστος
1044 2163 1198 2248 στρατοῦ,

361 2264 395 2346 ἐξ
418 2258 459 2333 οὗ
483 2265 638 2351 ’κράτησα
662 2271 726 2334 τῶν
746 2268 929 2354 Ἀχιλλείων
952 2263 1071 2334 ὅπλων.

245 2381 255 2393 “
361 2368 435 2435 ἀλλ’
455 2366 558 2436 αὐτόν
580 2375 686 2456 ἔμπας
708 2367 778 2437 ὅντ’
798 2367 859 2454 ίχῶ
883 2367 1010 2438 τοιόνδ’
1030 2360 1116 2454 ἐμοὶ,

362 2469 481 2540 οὔκουν
504 2472 701 2562 άτιμάσαιμ’
721 2469 772 2553 άν,
795 2472 877 2541 ῶστε
898 2470 945 2561 μὴ
968 2478 1073 2557 λέγειν

362 2577 406 2644 ἕν’
427 2573 526 2664 ἄνδρ’
546 2581 626 2645 ίδεῖν
648 2575 786 2666 άριστον
807 2579 969 2664 Ἀργείων,
994 2575 1067 2645 ὅσοι

367 2685 493 2767 Τροίαν
515 2681 745 2772 ἀφικόμεσθα,
767 2678 854 2764 πλὴν
874 2683 1049 2769 Ἀχιλλέως.

361 2782 437 2852 ὥστ’
457 2786 516 2853 οὐκ
539 2780 581 2854 σ’ίν
605 2789 737 2865 ἐνδίκως
759 2786 789 2871 y’
810 2784 1003 2870 άτιμάζοιτό
1027 2809 1090 2852 σοι.

361 2888 400 2957 οὐ
421 2887 486 2977 γάρ
509 2916 541 2956 τι
563 2894 691 2971 τοῦτον,
715 2886 800 2958 ἀλλά
822 2885 901 2968 τοὺς
923 2893 1015 2956 θεῶν
1037 2887 1161 2975 νόμους
1224 2941 1227 2948 .

361 2996 519 3080 φθείροις
541 2989 598 3060 άν·
622 2992 730 3085 άνδρα
753 2993 848 3062 δὀὐ
869 2997 1006 3072 δίκαιον,
1030 3001 1058 3060 εὶ
1080 2992 1196 3074 θάνοι,

361 3094 519 3177 βλάπτειν
541 3094 601 3165 τὸν
623 3095 759 3180 ἐσθλόν,
783 3097 857 3166 οὐδ’
877 3092 938 3164 ἐάν
959 3101 1065 3184 μισῶν
1086 3101 1194 3193 κορῇς.

642 3220 938 3275 ΑΓΑΜΕΜΝΩΝ

362 3299 419 3368 Σι)
441 3301 545 3382 ταῦτ’,
565 3302 731 3385 Ὀδυσσεῦ,
753 3305 849 3374 τοῦδ’
867 3305 1065 3393 ὑπερμαχεῖς
1087 3310 1163 3390 ἐμοί
1170 3334 1181 3388 3

665 3428 911 3480 ΟΔῬΣΣΕῬΣ

355 3501 491 3591 ’Έχωχ’·
515 3509 650 3592 ἐμίσουν
673 3507 720 3588 δ’,
743 3507 829 3590 ἡνίκ’
848 3500 891 3589 ἦν
912 3520 1020 3593 μισεῖν
1042 3505 1157 3575 καλόν.

641 3632 936 3683 ΑΓΑΜΕΜΝΩΝ

364 3709 413 3778 θῶ
432 3705 497 3797 χάρ
520 3709 666 3778 θανόντι
686 3717 743 3779 καὶ
764 3715 991 3800 προςεμβῆναί
1014 3733 1050 3778 σε
1069 3711 1152 3802 χρής

667 3834 909 3886 ΟΔῬΣΣΕῬΣ

362 3910 423 3995 Mr}
442 3912 549 4002 χαῖρ’,
570 3913 725 3999 Ἀτρείδη,
747 3917 894 4002 κέρδεσιν
918 3925 986 3992 τοῖς
1008 3910 1054 3999 μὴ
1078 3919 1202 3994 καλοῖς.

640 4040 934 4107 ΑνΑΜπαΝαα
1029 4013 1032 4016 “

364 4118 433 4188 Τόν
455 4145 507 4185 τοι
530 4116 693 4205 τύραννον
715 4119 861 4202 εὐσεβεῖν
885 4120 923 4187 οό
945 4119 1072 4206 ῥᾴδιον.

665 4243 911 4296 ΟΔῬΣΣΕῬΣ

209 4330 292 4396 1325
355 4325 443 4394 Ἀλλ’
464 4318 499 4392 εὖ
522 4329 651 4407 λέγουσι
674 4336 744 4400 τοῖς
767 4325 878 4414 φίλοις
901 4325 997 4411 τιμάς
1019 4331 1137 4412 νέμειν.
