2850 4958
466 109 513 164 AI)
533 107 631 164 SOPH.
651 109 695 165 nl.
732 113 763 166 V.
778 113 838 168 239.
1179 119 1229 175 151

69 264 155 331 derit
186 265 225 331 ut
251 266 381 332 alterius
403 267 508 333 utrius
530 264 654 333 formae
677 269 826 355 exempla
848 270 971 355 desint,
1001 297 1043 340 an
1066 299 1148 360 quae
1171 300 1230 344 nos
1246 297 1290 344 182

68 355 167 421 hodie
194 355 350 442 legimus,
386 378 424 420 aa
454 356 529 422 sola
552 353 672 422 Graeci
700 359 917 443 probaverint.
976 360 1230 450 significationis

69 453 180 510 autem
202 443 372 510 diversitas
395 445 430 509 in
452 445 542 510 hisce
567 445 717 528 omnibus
740 457 877 533 apparet
899 449 1006 532 nulla,
1035 475 1140 537 neque
1163 477 1231 519 om·

67 533 146 598 nino
176 533 258 599 haec
286 540 428 598 mutatae
458 533 695 600 declinationis
715 557 814 601 causa
835 537 937 603 fuisse
959 538 1089 605 videtur
1111 543 1232 627 prima·

67 623 132 705 ria,
164 621 229 688 sed
244 620 424 704 interdum,
452 632 489 688 ut
511 623 667 707 arbitror,
698 622 884 690 diversitate
906 627 1029 692 formae
1052 629 1094 694 ad
1117 631 1231 696 discri-

66 709 246 801 minandas
263 710 520 799 significationes·
537 712 589 777 usi
611 720 696 778 sunt.
739 711 856 778 Ἑλκέο
883 714 1014 798 quidem
1038 719 1231 784 continuati-

68 823 146 865 vum
169 800 222 865 vel
244 800 516 884 frequentativum
539 809 589 866 est
612 800 727 866 sedin
749 824 812 868 usu
835 801 917 868 adeo
941 827 1050 869 rarum
1073 816 1110 871 ut
1132 831 1230 874 exeo

66 889 184 976 regula
206 889 359 954 constitui
381 912 448 960 non
471 889 586 976 possit.
632 889 806 959 Praeterea
828 889 1043 975 Grammatici
1065 894 1130 960 duo
1153 895 1232 961 affe·

66 987 154 1042 runt.
207 974 408 1044 Scholiastes
439 977 482 1042 ad
504 978 583 1043 Eur.
613 977 697 1044 Hec.
721 980 796 1044 397.
821 987 855 1043 et
877 979 1088 1066 Moschopul.
1112 982 1230 1050 Sched.

65 1089 99 1152 p.
119 1067 194 1130 192.
219 1065 312 1154 φύρω
336 1066 373 1130 τὸ
398 1071 531 1150 συγγέιο,
556 1070 649 1154 φορῶ
664 1061 703 1132 td
719 1064 844 1152 μιγνύω
860 1064 1001 1152 ἄλευρον
1016 1069 1122 1154 ὕδατι,
1147 1070 1232 1138 ὅθεν

66 1152 209 1243 φύραμα
230 1153 253 1236 ἡ
276 1151 371 1238 ζυρή,
393 1156 446 1220 vel
467 1163 506 1219 ut
525 1153 767 1220 Grammaticus
783 1154 964 1224 Hermanni
987 1180 1019 1244 p.
1037 1162 1112 1224 407.
1137 1158 1231 1250 φύρω

64 1240 104 1309 τὸ
128 1248 264 1328 συγχέω,
288 1246 383 1330 φορῶ
405 1245 439 1309 δὲ
463 1238 594 1328 ἄρτους,
617 1242 716 1326 idque
740 1243 916 1309 discrimen
937 1248 1077 1330 patescit
1101 1271 1141 1312 ex
1155 1272 1231 1334 pro·

64 1331 140 1418 prio
165 1340 198 1396 et
221 1331 493 1409 translato-verbi
517 1353 587 1396 usu.
635 1333 719 1411 Εὶκῆ
741 1329 852 1396 πάντα
876 1330 1010 1421 φύρειν,
1034 1333 1145 1400 τιοὲντοι
1168 1334 1231 1426 φύ-

65 1443 135 1505 ρων
158 1423 215 1484 καὶ
239 1426 381 1506 συγχέων
404 1418 471 1485 dici
494 1419 577 1485 solet
599 1442 666 1485 non
689 1424 802 1507 φυρᾷν
825 1446 856 1486 v.
881 1421 1003 1487 Aesch.
1028 1423 1136 1488 Prom.
1154 1425 1230 1494 448.

64 1510 172 1574 Arist.
202 1507 309 1575 Rann.
335 1509 409 1574 945.
437 1508 521 1573 Plat.
546 1507 713 1574 Phaedon.
738 1532 769 1594 p.
788 1511 839 1574 97.
856 1509 895 1574 Β.
918 1509 968 1574 Le
993 1534 1025 1598 g.
1048 1512 1128 1577 XII.
1154 1514 1229 1578 950.

65 1599 109 1662 Α.
134 1597 262 1663 Ρ511ε5.
287 1620 320 1682 p.
342 1599 390 1662 15.
415 1596 455 1662 Ε.
479 1597 635 1662 Themist.
661 1596 720 1664 Or.
744 1597 844 1662 XXI.
871 1600 945 1664 260.
969 1533 1008 1667 0.
1033 1599 1081 1667 Μ.
1105 1601 1229 1666 Anton.

63 1684 129 1752 III.
157 1687 208 1751 16.
232 1685 360 1752 Aelian.
384 1685 430 1750 H.
455 1687 496 1753 A.
520 1685 582 1752 III.
607 1688 659 1754 24.
685 1687 726 1751 of.
750 1685 984 1773 Wyttenbach.
1013 1687 1055 1753 ad
1077 1688 1165 1753 Plut.
1189 1689 1229 1754 T.

63 1775 91 1841 I.
118 1773 193 1840 625.
225 1774 359 1842 Jacobs.
389 1773 497 1840 Lectt.
522 1773 615 1842 Stob.
638 1799 671 1861 p.
693 1777 746 1841 88.
776 1775 835 1841 sed
858 1798 997 1842 massam
1020 1799 1103 1860 aqua
1126 1777 1230 1842 aliove

64 1864 194 1948 liquore
221 1863 366 1930 imbuere
395 1867 508 1953 φυρᾷν
535 1864 658 1930 Aesoh.
689 1861 781 1950 Sept
805 1866 858 1932 48.
887 1864 990 1931 Arist.
1015 1865 1127 1932 Nubb.
1153 1868 1228 1933 979.

64 1952 150 2017 Plat.
174 1952 308 2018 Theaet.
334 1954 407 2017 147.
440 1949 479 2018 C.
503 1952 642 2018 Aristot.
671 1952 783 2019 Probi.
807 1953 906 2018 XXI.
935 1957 985 2021 11.
1010 1962 1043 2020 et
1068 1957 1118 2020 16.
1142 1954 1229 2019 The-

63 2041 152 2106 mist.
182 2038 242 2106 Or.
265 2040 419 2107 XXXII.
449 2041 524 2107 359.
553 2042 597 2107 Ι).
631 2048 745 2127 totque
780 2041 851 2107 aliis
885 2041 968 2108 locis
999 2052 1037 2107 ut
1067 2042 1230 2108 contraria

65 2129 217 2215 exempla
244 2137 346 2211 γαῖαν
374 2125 442 2194 ὕδει
473 2127 590 2220 φύρειν
612 2130 750 2196 Hesiod.
779 2130 860 2215 Ὲγρ.
885 2133 937 2197 61.
968 2127 1084 2219 φύρειν
1107 2126 1229 2211 ἄρτους

65 2218 221 2305 Xenoph.
245 2217 335 2284 Heli.
352 2217 427 2284 VH.
446 2221 477 2302 2,
501 2220 553 2284 22.
578 2219 691 2306 [ἐλαίῳ
714 2215 874 2305 φύροντες
888 2217 1055 2283 Plutarch.
1066 2219 1111 2283 -Τ,
1128 2219 1228 2284 XIII.

58 2330 98 2394 p.
117 2309 191 2373 121.
219 2303 379 2394 φύροντες
401 2302 443 2373 τοὶ
467 2305 620 2389 ὀνόματα
642 2307 779 2372 Aristid.
802 2306 841 2371 T.
865 2305 908 2370 II.
931 2328 965 2390 p.
986 2306 1073 2391 151.]
1103 2302 1145 2370 wi
1169 2331 1230 2395 φυ-

67 2394 195 2480 ρόμενοι
209 2396 347 2463 Aristot.
370 2396 390 2460 l.
416 2418 445 2464 c.
459 2398 486 2478 ¹)
510 2396 575 2461 aut'
587 2395 777 2480 antiquitate
800 2393 943 2458 auctoris
960 2402 1158 2459 excusentur
1173 2405 1230 2460 aut

67 2484 176 2550 mendi
198 2485 420 2572 suspicionem
442 2484 594 2564 afferant3
617 2482 676 2550 sed
698 2485 741 2566 γῆ
764 2486 881 2565 αἵματι
903 2486 1095 2568 πεφυρμένη
1119 2490 1152 2547 et
1173 2505 1229 2548 πε-

68 2570 1229 2745 69969996339391999995139·

73 2753 170 2834 1548,
193 2753 245 2818 20.
269 2749 355 2818 κύειν
379 2747 416 2818 τὸ
440 2745 525 2816 κατὰ
548 2743 691 2832 γαστρὸς
706 2706 796 2833 tzade,
819 2747 885 2813 κυῶ
900 2748 934 2812 δὲ
949 2742 988 2811 τὸ
1004 2749 1119 2830 γεννῶ,
1142 2742 1228 2814 ὅθεν

70 2847 99 2906 οἱ
126 2836 298 2923 κυήτορες,
328 2843 384 2905 καὶ
397 2877 398 2880 =
413 2835 495 2904 ἐκύει
523 2833 628 2918 η”γουν
651 2841 813 2919 ἐγέννησε,
837 2834 927 2921 quod
949 2833 1124 2901 discrimen
1147 2836 1229 2902 anti-

70 2927 236 3014 quioribus
260 2927 507 3009 Grammaticis,
536 2925 714 2990 Ammonio
737 2948 771 3011 p.
794 2926 847 2991 86.
871 2933 905 2990 et
925 2923 1116 3010 Phrynicho
1139 2925 1227 3012 App.

69 3042 98 3104 p.
119 3021 175 3084 48.
205 3019 354 3106 ignotum
382 3017 483 3083 fuisse
511 3014 703 3102 intelligitur
730 3036 772 3080 ex
799 3013 864 3080 hoc
892 3034 1005 3078 eorum
1032 3022 1227 3098 praecepto:

70 3104 154 3173 κύειν
177 3103 217 3173 τὸ
239 3109 353 3190 ἔγκυον
377 3101 470 3185 εἶναι,
492 3106 612 3170 τίκτειν
636 3105 671 3168 δὲ
693 3101 731 3170 τὸ
754 3099 1033 3168 ἀπαλλάττεσθαι
1056 3103 1116 3168 τοῦ
1130 3100 1227 3168 κύειν.

71 3218 109 3260 ac
140 3195 169 3260 si
201 3195 275 3280 quis
301 3204 388 3261 κυεῖν
416 3192 499 3257 dixit
524 3216 584 3279 pro
612 3196 750 3276 γεννᾷν,
784 3199 942 3276 sequutus
971 3189 1100 3294 videtur
1129 3189 1230 3295 ambi:
1242 3211 1286 3258 183

71 3308 168 3454 ttt
196 3279 1230 3457 9319151391..999599εεεέεε91

71 3485 141 3526 men
172 3459 303 3546 quidem
333 3457 460 3542 κυήτωρ
490 3459 618 3543 utrique
641 3457 732 3524 verbi
754 3457 875 3523 formae
898 3464 1013 3542 aptum
1035 3466 1099 3539 est3
1122 3479 1230 3543 neque

73 3549 284 3617 distinctionis
307 3549 347 3614 ab
362 3547 535 3614 Eustathio
558 3546 696 3613 traditae
719 3546 868 3632 exempla
890 3545 1024 3632 reperiri
1040 3553 1145 3632 ,puto;
1169 3543 1230 3611 sed

72 3637 157 3726 apud
186 3638 385 3723 antiquiores
412 3637 608 3724 barytonum
630 3645 663 3702 ct
686 3634 932 3701 circumflexum
955 3657 1056 3700 unum
1077 3633 1229 3718 idemque
1250 3698 1252 3700 ,
1304 3691 1306 3695 ,

73 3727 233 3816 significat
254 3724 293 3792 τὸ
317 3733 352 3792 έν
374 3729 492 3809 γαστρὶ
516 3724 768 3810 συλλαβεῖν,νοῙ
790 3734 984 3815 κυοφορεῑν,
1015 3723 1121 3788 minus
1148 3719 1229 3785 anti-
1328 3749 1330 3756 ι

73 3818 123 3900 qui
145 3824 321 3900 utrumque
343 3814 441 3880 modo
465 3815 514 3880 sio
536 3813 633 3879 modo
656 3836 716 3899 pro
740 3815 857 3878 τίκτειν
880 3821 1040 3898 usurpant
1069 3810 1109 3874 cf.
1132 3808 1230 3876 Euat.

75 3909 168 3988 1799,
186 3906 239 3970 54.
264 3903 442 3991 [Theophr.
467 3927 500 3989 p.
519 3904 592 3969 358.
611 3905 685 3968 516.
709 3927 738 3967 v.
756 3901 876 3970 Matth.
894 3901 954 3969 Gr.
970 3923 997 3966 s.
1012 3896 1086 3963 κύω.
1104 3893 1229 3962 κύουσα

74 4050 273 4059 —-—-——-—-

143 4121 166 4184 ¹)
180 4113 281 4172 “Pion
298 4114 420 4191 pipam
443 4123 470 4172 in
488 4120 579 4171 Nothis
598 4121 720 4188 Hippoor.
744 4123 776 4172 de
794 4121 877 4173 Morb.
895 4119 958 4170 Mul.
976 4133 1002 4184 p.
1021 4111 1080 4168 753.
1105 4113 1151 4167 sed
1168 4113 1230 4167 alibi

71 4193 165 4266 φνρῇν,
185 4193 304 4266 φνρῆσαι
321 4209 347 4260 p.
361 4191 420 4246 768.
438 4209 464 4260 p.
477 4190 538 4245 8³2.
558 4198 606 4244 etc.
