2850 4956
415 340 519 391 ΑΙΑΣ
534 340 833 392 ΜΑΣΤΙΓΟΦΟΡΟΣ.

193 494 260 582 ὁρῦ
284 496 318 562 δέ
340 498 395 562 τοέ
417 519 480 580 νιν,
503 491 630 574 κάστιν,
655 493 699 572 ὡς
720 497 794 580 ἐμοὶ
817 496 931 575 δοκεῖ’

193 599 298 679 ου’ὃείς
320 599 395 668 ποτ’
415 595 517 678 άλλος
538 593 561 681 ἢ
583 596 734 682 σύὴμιῦν
756 594 935 690 ᾐνιξάμηνς

492 732 752 784 ΜΕΝΕΛΑΟΣ.

191 811 330 900 Ἄπειμι·
351 819 410 882 ’καὶ
433 813 496 902 γάρ
521 811 667 904 αἰσχρὸν,
691 821 719 881 εὶ
741 808 888 880 πύθοιτό
911 838 967 892 τις,

194 919 305 1006 λόγοις
326 917 483 1000 κολάζειν,
506 910 536 1005 ᾦ
555 917 739 1004 βιάζεσθαι
761 914 864 1006 πάρα.
968 925 970 927 ’

523 1047 572 1096 ΤΕ
581 1046 726 1097 ῬΚΡΟΣ.

193 1124 332 1220 Ἅφερπέ
354 1150 430 1195 νυν·
452 1126 554 1215 κάμοὶ
576 1126 640 1214 γάρ
665 1123 965 1214 αἴσχιστον-κλάειν
1048 1169 1049 1172 =
1128 1114 1129 1117 ¹

192 1230 316 1322 ἀνδρὸς
338 1239 493 1319 ματαίου,
517 1232 638 1320 φλαῦρ’
659 1236 720 1314 έπη
743 1235 970 1321 μυθουμένου.

546 1361 577 1410 Χ
583 1361 699 1411 ΟΡΟΣ.

241 1435 355 1507 ’Ἔσται
376 1439 522 1528 μεγάλης
544 1439 651 1528 έριδός
674 1467 722 1519 τις
744 1436 846 1525 άμάν.
932 1489 936 1494 -

245 1541 337 1625 ἀλλ’,
361 1545 404 1624 ὡς
426 1544 579 1630 δύνασαι,
609 1547 736 1631 Τεῦκρε,
760 1541 904 1629 ταχῦνας

247 1653 391 1718 σπεῦσον
413 1654 528 1731 κοίλην
550 1647 693 1715 κάπετόν
715 1646 776 1714 τιν’
797 1650 877 1714 ιὸεῖν
936 1672 938 1676 “

246 1753 343 1839 τῷδ’,
364 1753 455 1822 ’ἔνθα
478 1757 614 1842 βροτοῖς
637 1748 695 1822 τὸν
718 1751 918 1838 ἀείμνηστον

334 1857 445 1951 τάφον
469 1858 630 1948 εὐρώεντα
653 1857 797 1939 καθέξει.

526 1989 577 2037 ΤΕ
586 1987 732 2037 ῬΚΡΟΣ.

196 2071 267 2135 Καὶ
288 2063 356 2156 μὴν
379 2076 411 2148 ἐς
435 2065 537 2137 αὐτὸν
560 2064 676 2158 καιρὸν
699 2070 768 2135 οἵδε
791 2068 933 2148 πλησίον

195 2171 347 2261 πάρεισιν
369 2167 492 2266 ἀνδρὸς
513 2175 609 2240 τοῦδε
632 2184 711 2250 παῖς
733 2197 767 2240 τε
790 2176 845 2239 καὶ
868 2166 958 2256 γυνὴ,

195 2275 306 2369 τάφον
328 2266 574 2366 περιστελοῦντε
598 2275 760 2358 δυστήνου
781 2280 905 2364 νεκροῦ.

198 2374 224 2448 ὦ
245 2395 315 2463 παῖ,
337 2380 502 2469 πρόςελθε
526 2385 621 2470 δεῦρο
645 2388 701 2450 καὶ
724 2386 866 2460 σταθεὶς
888 2384 989 2458 πέλας

197 2492 303 2569 ἱκέτης
325 2491 458 2580 έφαψαι
478 2482 606 2575 πατρὸς
630 2485 667 2566 ὅς
689 2487 720 2555 σ’
741 2492 898 2572 ἐγείνατο.

197 2591 299 2660 θάκει
321 2597 355 2660 δὲ
377 2590 621 2681 προςτράπαιος
644 2599 679 2659 έν
698 2598 810 2681 χεροῖν
833 2596 914 2679 έχων

196 2695 302 2783 κόμας
325 2693 406 2784 ἐμάς
428 2701 484 2764 καὶ
507 2700 601 2781 τῆςδε
624 2701 679 2764 καὶ
702 2702 828 2765 σαυτοῦ
850 2699 970 2783 τρίτου,

197 2801 343 2890 ι’κτήριον
369 2799 560 2886 θησαυρόν·
585 2809 612 2868 εὶ
636 2805 670 2868 δέ
693 2827 741 2880 τις
764 2802 909 2889 στρατοῦ

197 2909 258 2992 βίη
281 2905 311 2973 σ’
332 2903 534 2973 άποσπάσειε
557 2907 652 2972 τοῦδε
675 2910 735 2972 τοῦ
757 2909 884 2993 νεκροῦ.

197 3005 299 3089 κακὸς
320 3014 425 3089 κακῶς
449 3007 609 3088 ἄθαπτος
632 3016 761 3077 ἐκπέσοι
780 3007 913 3097 χθονὸς

197 3119 312 3200 γένους
334 3113 482 3194 ἅπαντος
504 3117 599 3202 ῥίζαν
622 3114 835 3201 ἐξημημένος,

198 3216 306 3298 αὕτως
328 3217 476 3308 ὅπωςπερ
500 3217 595 3287 τόνδ’
616 3216 677 3305 ἐγώ
702 3225 806 3306 τέμνω
829 3215 963 3286 πλόκον.

200 3322 249 3412 ἔχ’
270 3323 382 3405 αὐτὸν,
406 3316 432 3389 ὦ
453 3335 523 3402 παῖ,
546 3329 602 3392 καὶ
625 3324 786 3415 φέλασσε,
806 3326 889 3411 μηδέ
913 3347 948 3392 σε

199 3426 363 3510 κινησάτω
388 3455 444 3507 τις,
468 3425 561 3494 ἀλλά
576 3425 767 3516 προςπεσών
789 3432 874 3514 έχου.

197 3519 289 3617 ὑμεῖς
311 3558 346 3599 τε
368 3527 415 3620 μὴ
439 3544 589 3616 γυναῖκες
611 3532 683 3600 ἀντ’
704 3532 834 3622 ἀνδρῶν
856 3535 957 3610 πέλας

199 3637 392 3724 παρέστατ’,
415 3635 491 3702 ἀλλ’
514 3635 659 3723 άρηγετ’,
682 3641 714 3715 ἐς
735 3637 764 3704 τ’
785 3633 846 3722 ἐγώ
869 3634 960 3722 μόλω

142 3760 145 3761 ’
200 3739 311 3831 τάφου
332 3743 493 3828 μεληθεὶς
515 3745 606 3828 τῷδε,
628 3735 692 3807 κάν
714 3744 828 3827 μηδεὶς
850 3744 899 3828 ἐᾷ.

553 3859 707 3920 ΧΟΡΟΣ.Ι

71 3955 116 4008 1185
154 3953 257 4032 στροφὴ
277 3956 311 4014 ι’.
361 3952 419 4026 Τίς
441 3943 508 4035 άρα
531 3956 662 4034 νέατοςς
686 3957 718 4029 ἐς
740 3947 820 4017 πότε
843 3947 933 4031 λήξει
1029 3992 1030 3995 =

354 4051 613 4138 πολυπλάγκταν
636 4061 732 4121 ἐτέων
755 4049 914 4142 ἀριθμὸς,

353 4152 415 4222 τάν
438 4151 609 4224 άπαυστον
632 4161 702 4224 αἰέν
724 4160 798 4241 ἐμοὶ

355 4259 584 4346 ὃορυσσόντων
606 4259 749 4348 μόχθων

402 4360 489 4432 άταν
512 4363 642 4452 ἐπάγων
