2858 4964
438 304 485 358 ΑΙ)
504 305 666 359 sorum.
704 308 736 362 V.
752 310 911 363 170-175.
1016 348 1017 352 =
1206 318 1256 373 119

91 461 305 549 (Theognis)
326 458 487 541 Ἰπποσόη
511 461 648 548 (Pind.)
671 460 829 552 Δημήτηρ
851 466 1052 557 πολυφόρβη
1076 469 1257 560 (Hesiod.)

92 553 221 616 Μοῦσα
250 547 423 633 ἀγρονόμη
453 550 596 639 Meleag.
619 552 724 617 Anth.
740 553 818 622 VII.
848 578 880 620 n.
899 557 972 622 169.
1005 557 1096 643 Ἡρα
1117 557 1257 668 Ἠννόφη

90 639 234 704 Pausan.
258 639 321 706 IX.
346 640 400 722 39,
423 642 454 704 4.
477 641 598 725 partim
621 663 640 706 a
662 641 764 706 verbo
789 651 821 707 et
843 644 975 711 nomine
1001 648 1256 735 Φοβεσιστρατη

92 728 307 815 (Aristoph.)
338 725 551 814 Ἐγερσομόχη
579 729 681 794 Anth.
712 730 783 795 Pal.
806 730 884 797 VIl.
915 755 946 798 n.
972 737 1044 800 122.
1078 735 1257 823 Ἐγρεμόχη

91 817 211 903 (Hom.
234 816 296 895 H.)
318 814 520 901 Ἀνησιὸόρα
544 817 646 903 (Plut.
670 826 703 884 et
724 819 891 905 Aleiphr.)
921 821 1089 889 Σαωὸίνα
1111 819 1258 913 Ἄρτεμις

89 906 244 992 Inseript.
269 905 384 972 Boeot.
408 929 440 969 n.
460 908 555 972 1595.
579 929 663 991 quae
687 907 800 973 eadem
823 910 922 998 vulgo
946 909 1123 994 Λυσιζόνη
1146 916 1258 1001 appel·

90 998 179 1062 latur
203 1002 236 1059 et
260 991 478 1079 Πρωτογόυη,
501 996 620 1081 partim
643 1019 684 1060 ex
707 996 835 1062 duobus
857 998 1043 1067 nominibus
1074 1005 1258 1072 constantia

94 1087 209 1166 Φοίβη
236 1086 441 1171 χρυσομίτρη
472 1080 614 1169 Oppiau.
645 1083 729 1172 Cyn.
749 1085 793 1152 Π.
824 1089 853 1152 2.
883 1090 1088 1176 Λυγοδέσμα
1120 1090 1314 1178 (Paus.)144

96 1169 341 1257 Ὀβριμοπάτρα
365 1169 510 1257 (Solon.)
524 1171 701 1260 Ἀλκιμόχη
718 1174 821 1242 Anth.
837 1176 907 1241 Pal.
925 1176 985 1243 VI.
1009 1201 1042 1243 n.
1061 1180 1134 1245 124.
1171 1179 1257 1269 Ἀρι-

92 1256 261 1345 στοβοόλη
286 1260 400 1344 (Plut.)
425 1268 487 1334 eto.
512 1284 595 1346 quae
617 1262 686 1328 sive
709 1263 834 1329 nomini
857 1264 937 1331 deae
952 1267 1086 1353 proprio
1103 1267 1258 1355 adjuncta

90 1360 170 1417 sunt
199 1350 267 1414 sive
297 1349 446 1416 absolute
475 1351 602 1436 posita,
637 1351 751 1417 eodem
779 1354 854 1418 loeo
884 1356 1010 1420 censeri
1037 1357 1159 1439 solent,
1193 1381 1257 1443 quo

90 1439 265 1505 mulierum
288 1439 419 1504 uomina
442 1440 590 1525 propria,
617 1438 816 1524 Ἀστυνόμη,
835 1440 1067 1532 Ἡγησόυόρα,
1090 1448 1258 1530 Λεινοβία,

91 1527 260 1612 Εὐρυδίκη
295 1535 358 1592 eto.
415 1527 526 1612 Atque
561 1528 646 1594 hano
673 1529 885 1595 mobilitatem
918 1538 1090 1619 poetarum
1124 1534 1257 1601 arbitrio

90 1617 289 1705 participant
310 1638 543 1701 nonuunquam
567 1618 721 1703 epitheta,
744 1641 828 1703 quae
850 1643 916 1685 non
938 1622 1069 1708 proprie
1089 1621 1149 1688 sed
1162 1646 1257 1709 prae-

92 1708 191 1794 oipue
219 1705 316 1771 alicui
337 1705 538 1783 tribuuntur,
562 1707 647 1772 sieut
669 1705 835 1773 Homerus
858 1707 909 1774 bis
933 1709 1067 1794 quidem
1090 1709 1173 1776 dixit
1194 1734 1256 1778 πο-

91 1792 267 1883 λυφόρβου
288 1800 430 1878 πείρατα
452 1799 549 1878 γαίης
573 1795 626 1881 (Il.
642 1795 740 1861 XIV.
759 1797 834 1863 200.
859 1805 892 1862 et
915 1798 1006 1883 301.)
1031 1800 1132 1865 semel
1147 1807 1258 1879 autem

92 1896 196 1968 γαῖαν
224 1881 444 1970 πολυφόρβην
467 1886 581 1968 χερσὶν
610 1883 711 1949 ἀλοία
738 1884 802 1950 ΙΧ.
832 1885 907 1951 536.
938 1888 1062 1954 ratione
1089 1897 1147 1954 aut
1168 1889 1257 1955 nulla

93 1973 214 2039 duetus
237 1980 293 2036 aut
316 1973 372 2056 (ne
394 1980 539 2038 nostram
562 1972 725 2038 inscitiam
741 1974 845 2041 aliena
861 1974 960 2062 eulpa
974 1978 1139 2064 tegamus)
1162 1977 1257 2044 nobis

91 2056 329 2149 inexplicabili3
352 2084 428 2127 nam
451 2062 479 2127 si
502 2061 575 2147 quis
591 2063 636 2128 ita
652 2061 749 2145 dicat,
772 2063 990 2151 πολυφόρβης
1003 2069 1145 2148 πείρατα
1160 2071 1257 2150 γαίης

92 2151 238 2217 deterius
267 2173 382 2216 souare
411 2173 509 2235 quam
533 2149 650 2232 ὁμοίης
671 2154 793 2238 ἔμμορε
816 2155 929 2235 τιμῆς,
959 2154 1144 2242 nugabitur.
1189 2152 1257 2223 Sed

91 2242 157 2307 hoo
185 2240 324 2306 fortasse
353 2240 496 2305 imitatus
520 2237 753 2306 Christodorus
781 2240 883 2307 Anth.
905 2241 982 2308 Vll.
1007 2245 1082 2326 698,
1106 2245 1137 2310 5.
1167 2267 1257 2330 παμ-

93 2327 209 2419 φόρβη
238 2333 309 2415 χείρ
344 2329 521 2415 usurpavit.
579 2328 681 2415 Apud
709 2328 894 2396 Hesiodum
928 2330 994 2398 duo
1028 2335 1098 2419 ejus
1128 2333 1257 2421 generis

93 2417 245 2504 exempla
271 2419 477 2504 reperiuntur
506 2415 682 2507 ὀρθρογόη
706 2427 738 2482 et
761 2415 970 2504 δειπνολόχη,
1000 2420 1063 2486 hoo
1086 2422 1258 2508 parasitae‚

93 2506 178 2574 illud
207 2506 389 2574 hirundinis
413 2506 598 2593 epithet0n3
629 2506 882 2575 Andromachus
903 2509 944 2573 in·
961 2506 1080 2576 Galesi
1103 2511 1201 2577 Ther.
1223 2534 1256 2598 p.

95 2598 149 2663 36.
179 2596 218 2662 Τ.
248 2595 346 2662 XIV.
380 2595 643 2684 hydrophobiam
673 2595 755 2674 dixit
783 2594 881 2673 κυνός
908 2595 1106 2688 ὑδροφόβην
1134 2595 1258 2683 γενύων

96 2687 272 2752 λυσσῶσαν
295 2682 433 2770 ὲρινυόν,
456 2681 660 2771 γρυτοδόκηυ
682 2687 810 2751 κοιτίδα
832 2684 934 2751 Auth.
959 2684 1030 2751 Pal.
1047 2685 1107 2752 VI.
1131 2711 1164 2753 n.
1181 2689 1256 2753 254.

96 2773 187 2861 quod
221 2773 250 2840 si
285 2774 356 2859 quis
392 2773 456 2839 duo
473 2773 690 2840 >substantiva
718 2795 789 2839 esse
818 2773 907 2840 dieat
933 2796 993 2860 per
1021 2775 1257 2861 appositionem

91 2868 219 2952 juncta,
242 2886 307 2928 non
329 2871 450 2930 temere
471 2862 647 2942 assentiam
670 2861 704 2927 in
720 2861 876 2931 Varronis
892 2870 999 2930 autem
1014 2863 1200 2930 testimonio
1216 2862 1257 2929 de

98 2954 137 3021 R.
163 2953 204 3020 R.
233 2951 278 3017 II.
302 2953 334 3035 5,
358 2953 388 3018 5.
419 2974 440 3018 α
470 2973 532 3036 qao
555 2974 611 3017 eas
635 2952 755 3037 (apes)
777 2950 945 3036 βουγόυας
967 2955 1142 3037 appellant,
1164 2951 1259 3018 dubi·

97 3043 159 3110 tari
186 3049 295 3196 {test
324 3064 366 3106 an
388 3065 506 3108 nomen
525 3037 682 3129 'graecum
704 3039 860 3108 mendose
884 3040 1042 3126 seriptum
1065 3041 1116 3108 sit.
1161 3040 1258 3108 Euri·

98 3131 166 3217 pidi
225 3130 264 3196 el.
285 3132 380 3196 1667.
405 3132 493 3206 θεοῖς
510 3133 665 3220 Νηρῇδος
688 3126 805 3213 ἐκγόυη
827 3127 922 3216 κόρη,
943 3128 1107 3197 Matthiae
1125 3135 1258 3215 ἔκγονος

99 3220 255 3304 restituit,
284 3243 361 3286 vere
383 3220 538 3304 fortasse,
568 3219 627 3286 sed
649 3218 824 3286 barbarum
846 3217 930 3285 illud
952 3216 1017 3285 dici
1039 3219 1155 3300 nolim;
1183 3241 1259 3286 nam

99 3308 235 3395 ἐγγόυη,
269 3306 474 3394 προεγγόνη,
505 3307 694 3392 ὃιςεγγόνη,
726 3309 761 3374 in
795 3309 959 3375 communi
993 3330 1056 3374 usu
1087 3317 1259 3375 versantur

99 3398 277 3483 eademque
305 3398 466 3484 libertate
482 3397 628 3486 gaudent
654 3420 720 3482 qua
741 3396 972 3486 ἀνδραὸίλφη,
1001 3399 1259 3487 γυναικαδέλφη,

96 3488 325 3573 πατραδέλφη.
382 3487 451 3555 Illis
475 3487 614 3554 accedit
647 3482 841 3577 ὀφιοκτόνη,
875 3484 1112 3572 scolopendrae
1144 3507 1258 3575 genus,

95 3577 253 3646 Diosoor.
286 3575 327 3643 de
350 3577 441 3643 Best.
466 3575 574 3645 Venu.
597 3576 639 3642 V.
658 3577 710 3640 67.
735 3583 767 3641 et
789 3597 872 3660 quae
894 3575 936 3640 ab
959 3575 1023 3640 alio
1046 3597 1165 3663 genere
1187 3598 1259 3642 ver·

96 3666 213 3734 horum
243 3674 276 3732 et
298 3665 339 3732 ab
363 3666 426 3732 alio
449 3673 596 3753 tempore
619 3665 802 3750 composita
824 3673 902 3731 sunt
920 3661 1131 3750 χαμαιτύπη,
1159 3666 1260 3731 ποδο-

94 3753 222 3839 κτόπη,
247 3752 490 3841 ποντοκόκηῑ),
521 3755 646 3822 oomioe
669 3753 783 3820 fiotum
805 3748 990 3839 οίυοκόχλη,
1012 3751 1096 3818 Poll.
1120 3751 1179 3819 Vl.
1206 3753 1259 3817 21.

94 3844 285 3913 laconicum
307 3842 521 3929 όπιτθοτίλα,
542 3852 706 3932 postremo
727 3839 912 3933 χειρομόχα
933 3841 1095 3909 hetaeriae
1110 3840 1259 3908 Milesiae

99 4100 129 4149 lu
147 4099 248 4150 helian.
270 4098 301 4148 ll.
322 4099 389 4148 Anu.
409 4099 479 4149 XIV.
500 4098 540 4148 16.
560 4096 619 4147 τῶν
635 4090 727 4166 λόφων
745 4096 804 4148 τῶν
820 4086 989 4165 ὖπερόκρων,
1015 4086 1061 4146 olis
1078 4080 1196 4144 ίπιπλᾶσ
1213 4107 1259 4140 κα·

101 4164 183 4232 λοῦσι,
202 4171 266 4220 nihil
284 4171 376 4220 mutari
396 4186 460 4235 opus
479 4177 525 4221 est.

175 4255 198 4317 ¹)
218 4258 246 4308 Id
266 4257 378 4308 Arcadio
397 4258 554 4308 reddendum
572 4273 597 4321 p.
613 4257 678 4319 102‚·
693 4257 734 4310 18.
754 4273 801 4322 pro
819 4247 1010 4323 παντογαόνη,
1034 4250 1260 4331 υἰτίῬΙιτγοίοὶιιιυ

102 4329 166 4450 ligi„
173 4329 422 4462 sellppmssggcpionem
439 4344 486 4393 pro
504 4321 663 4392 παντοκόκη
682 4330 861 4394 interpretatus
881 4335 927 4377 est.
958 4322 1129 4386 [παντοκυκη
1148 4324 1259 4376 Meiuek.
