<?xml version="1.0" encoding="UTF-8"?>
<!DOCTYPE html PUBLIC "-//W3C//DTD XHTML 1.0 Transitional//EN"
    "http://www.w3.org/TR/xhtml1/DTD/xhtml1-transitional.dtd">
<html xmlns="http://www.w3.org/1999/xhtml" xml:lang="en" lang="en">
 <head>
  <title>
</title>
<meta http-equiv="Content-Type" content="text/html;charset=utf-8" />
  <meta name='ocr-system' content='tesseract 3.04.00' />
  <meta name='ocr-capabilities' content='ocr_page ocr_carea ocr_par ocr_line ocrx_word'/>
</head>
<body>
  <div class='ocr_page' id='page_1' title='image "aiax00sophgoog_0012.png"; bbox 0 0 2850 4956; ppageno 0'>
   <div class='ocr_carea' id='block_1_1' title="bbox 641 1619 764 1711">
    <p class='ocr_par' dir='ltr' id='par_1_1' title="bbox 641 1619 764 1711">
     <span class='ocr_line' id='line_1_1' title="bbox 641 1619 764 1711; baseline -0.008 -1"><span class='ocrx_word' id='word_1_1' title='bbox 641 1620 689 1709; x_wconf 91' lang='lat' dir='ltr'>L.</span> <span class='ocrx_word' id='word_1_2' title='bbox 724 1619 764 1711; x_wconf 86' lang='lat' dir='ltr'>S.</span> 
     </span>
    </p>
   </div>
   <div class='ocr_carea' id='block_1_2' title="bbox 101 1896 1286 2465">
    <p class='ocr_par' dir='ltr' id='par_1_2' title="bbox 101 1896 1286 2465">
     <span class='ocr_line' id='line_1_2' title="bbox 215 1896 1286 2010; baseline -0.005 -17"><span class='ocrx_word' id='word_1_3' title='bbox 215 1896 483 1993; x_wconf 74' lang='lat' dir='ltr'>Commentarios</span> <span class='ocrx_word' id='word_1_4' title='bbox 498 1925 727 1992; x_wconf 87' lang='lat' dir='ltr'>Lobeckianos</span> <span class='ocrx_word' id='word_1_5' title='bbox 750 1925 881 1991; x_wconf 89' lang='lat' dir='ltr'>tertium</span> <span class='ocrx_word' id='word_1_6' title='bbox 904 1923 1022 1990; x_wconf 83' lang='lat' dir='ltr'><strong>edituri</strong></span> <span class='ocrx_word' id='word_1_7' title='bbox 1045 1947 1176 2010; x_wconf 83' lang='lat' dir='ltr'>operam</span> <span class='ocrx_word' id='word_1_8' title='bbox 1194 1921 1286 1991; x_wconf 88' lang='lat' dir='ltr'>dedi·</span> 
     </span>
     <span class='ocr_line' id='line_1_3' title="bbox 123 2035 1286 2126; baseline -0.005 -20"><span class='ocrx_word' id='word_1_9' title='bbox 123 2063 211 2123; x_wconf 84' lang='lat' dir='ltr'>mus,</span> <span class='ocrx_word' id='word_1_10' title='bbox 233 2064 274 2106; x_wconf 92' lang='lat' dir='ltr'>ne</span> <span class='ocrx_word' id='word_1_11' title='bbox 297 2039 376 2125; x_wconf 91' lang='lat' dir='ltr'>quid</span> <span class='ocrx_word' id='word_1_12' title='bbox 398 2039 721 2126; x_wconf 75' lang='lat' dir='ltr'>praetermitteretur,</span> <span class='ocrx_word' id='word_1_13' title='bbox 745 2060 810 2123; x_wconf 92' lang='lat' dir='ltr'>quo</span> <span class='ocrx_word' id='word_1_14' title='bbox 835 2037 1012 2103; x_wconf 89' lang='lat' dir='ltr'>correctior</span> <span class='ocrx_word' id='word_1_15' title='bbox 1033 2037 1115 2103; x_wconf 91' lang='lat' dir='ltr'>haec</span> <span class='ocrx_word' id='word_1_16' title='bbox 1138 2035 1237 2101; x_wconf 93' lang='lat' dir='ltr'>editio</span> <span class='ocrx_word' id='word_1_17' title='bbox 1253 2043 1286 2100; x_wconf 87' lang='lat' dir='ltr'>et</span> 
     </span>
     <span class='ocr_line' id='line_1_4' title="bbox 101 2151 1285 2239; baseline -0.003 -23"><span class='ocrx_word' id='word_1_18' title='bbox 101 2195 103 2199; x_wconf 93' lang='lat'>-</span> <span class='ocrx_word' id='word_1_19' title='bbox 122 2152 252 2217; x_wconf 89' lang='lat' dir='ltr'>auctior</span> <span class='ocrx_word' id='word_1_20' title='bbox 274 2152 412 2219; x_wconf 88' lang='lat' dir='ltr'>evadere</span> <span class='ocrx_word' id='word_1_21' title='bbox 434 2161 553 2239; x_wconf 88' lang='lat' dir='ltr'>posset.</span> <span class='ocrx_word' id='word_1_22' title='bbox 598 2153 707 2236; x_wconf 88' lang='lat' dir='ltr'>itaque</span> <span class='ocrx_word' id='word_1_23' title='bbox 730 2175 796 2216; x_wconf 94' lang='lat' dir='ltr'>non</span> <span class='ocrx_word' id='word_1_24' title='bbox 820 2151 936 2235; x_wconf 89' lang='lat' dir='ltr'>solum,</span> <span class='ocrx_word' id='word_1_25' title='bbox 958 2159 995 2215; x_wconf 92' lang='lat' dir='ltr'>ut</span> <span class='ocrx_word' id='word_1_26' title='bbox 1017 2173 1077 2237; x_wconf 91' lang='lat' dir='ltr'>par</span> <span class='ocrx_word' id='word_1_27' title='bbox 1100 2157 1178 2232; x_wconf 86' lang='lat' dir='ltr'>erat,</span> <span class='ocrx_word' id='word_1_28' title='bbox 1202 2171 1285 2233; x_wconf 91' lang='lat' dir='ltr'>quae</span> 
     </span>
     <span class='ocr_line' id='line_1_5' title="bbox 122 2259 1286 2351; baseline -0.003 -22"><span class='ocrx_word' id='word_1_29' title='bbox 122 2264 160 2329; x_wconf 91' lang='lat' dir='ltr'>in</span> <span class='ocrx_word' id='word_1_30' title='bbox 187 2265 294 2350; x_wconf 91' lang='lat' dir='ltr'>priore</span> <span class='ocrx_word' id='word_1_31' title='bbox 324 2265 465 2331; x_wconf 87' lang='lat' dir='ltr'>editione</span> <span class='ocrx_word' id='word_1_32' title='bbox 494 2263 683 2331; x_wconf 86' lang='lat' dir='ltr'>resederant</span> <span class='ocrx_word' id='word_1_33' title='bbox 712 2287 884 2351; x_wconf 89' lang='lat' dir='ltr'>operarum</span> <span class='ocrx_word' id='word_1_34' title='bbox 911 2263 990 2329; x_wconf 89' lang='lat' dir='ltr'>vitia</span> <span class='ocrx_word' id='word_1_35' title='bbox 1017 2263 1069 2329; x_wconf 87' lang='lat' dir='ltr'>vel</span> <span class='ocrx_word' id='word_1_36' title='bbox 1091 2262 1195 2348; x_wconf 89' lang='lat' dir='ltr'>ipsius</span> <span class='ocrx_word' id='word_1_37' title='bbox 1218 2259 1286 2326; x_wconf 87' lang='lat' dir='ltr'>Lo·</span> 
     </span>
     <span class='ocr_line' id='line_1_6' title="bbox 122 2369 1286 2465; baseline -0.003 -24"><span class='ocrx_word' id='word_1_38' title='bbox 122 2374 234 2442; x_wconf 86' lang='lat' dir='ltr'>beckii</span> <span class='ocrx_word' id='word_1_39' title='bbox 268 2379 461 2444; x_wconf 90' lang='lat' dir='ltr'>auctoritate</span> <span class='ocrx_word' id='word_1_40' title='bbox 493 2369 544 2444; x_wconf 88' lang='lat' dir='ltr'>vel</span> <span class='ocrx_word' id='word_1_41' title='bbox 581 2387 692 2446; x_wconf 89' lang='lat' dir='ltr'>nostro</span> <span class='ocrx_word' id='word_1_42' title='bbox 728 2377 873 2465; x_wconf 89' lang='lat' dir='ltr'>periculo</span> <span class='ocrx_word' id='word_1_43' title='bbox 903 2378 982 2444; x_wconf 90' lang='lat' dir='ltr'>satis</span> <span class='ocrx_word' id='word_1_44' title='bbox 1010 2377 1112 2443; x_wconf 89' lang='lat' dir='ltr'>multa</span> <span class='ocrx_word' id='word_1_45' title='bbox 1139 2375 1286 2456; x_wconf 89' lang='lat' dir='ltr'>eluimus,</span> 
     </span>
    </p>
   </div>
   <div class='ocr_carea' id='block_1_3' title="bbox 122 2486 1390 3813">
    <p class='ocr_par' dir='ltr' id='par_1_3' title="bbox 122 2486 1390 3813">
     <span class='ocr_line' id='line_1_7' title="bbox 122 2486 1287 2578; baseline 0 -24"><span class='ocrx_word' id='word_1_46' title='bbox 122 2511 238 2554; x_wconf 88' lang='lat' dir='ltr'>verum</span> <span class='ocrx_word' id='word_1_47' title='bbox 261 2490 358 2557; x_wconf 89' lang='lat' dir='ltr'>etiam</span> <span class='ocrx_word' id='word_1_48' title='bbox 380 2514 499 2578; x_wconf 90' lang='lat' dir='ltr'>pravos</span> <span class='ocrx_word' id='word_1_49' title='bbox 522 2490 577 2557; x_wconf 92' lang='lat' dir='ltr'>hic</span> <span class='ocrx_word' id='word_1_50' title='bbox 598 2491 665 2557; x_wconf 89' lang='lat' dir='ltr'>illic</span> <span class='ocrx_word' id='word_1_51' title='bbox 687 2513 839 2558; x_wconf 87' lang='lat' dir='ltr'>numeros</span> <span class='ocrx_word' id='word_1_52' title='bbox 862 2491 896 2556; x_wconf 90' lang='lat' dir='ltr'>in</span> <span class='ocrx_word' id='word_1_53' title='bbox 919 2489 1132 2577; x_wconf 80' lang='lat' dir='ltr'>scriptoribus</span> <span class='ocrx_word' id='word_1_54' title='bbox 1148 2486 1287 2555; x_wconf 79' lang='lat' dir='ltr'>citandis</span> 
     </span>
     <span class='ocr_line' id='line_1_8' title="bbox 123 2599 1288 2690; baseline 0 -24"><span class='ocrx_word' id='word_1_55' title='bbox 123 2599 286 2669; x_wconf 89' lang='lat' dir='ltr'>admissos</span> <span class='ocrx_word' id='word_1_56' title='bbox 313 2625 388 2669; x_wconf 91' lang='lat' dir='ltr'>oum</span> <span class='ocrx_word' id='word_1_57' title='bbox 411 2603 590 2670; x_wconf 85' lang='lat' dir='ltr'>verioribus</span> <span class='ocrx_word' id='word_1_58' title='bbox 614 2604 877 2690; x_wconf 88' lang='lat' dir='ltr'>permutavimus.</span> <span class='ocrx_word' id='word_1_59' title='bbox 920 2601 1037 2668; x_wconf 91' lang='lat' dir='ltr'>deinde</span> <span class='ocrx_word' id='word_1_60' title='bbox 1059 2601 1224 2668; x_wconf 88' lang='lat' dir='ltr'>Addenda</span> <span class='ocrx_word' id='word_1_61' title='bbox 1247 2624 1288 2667; x_wconf 88' lang='lat' dir='ltr'>ex</span> 
     </span>
     <span class='ocr_line' id='line_1_9' title="bbox 124 2714 1288 2800; baseline -0.002 -20"><span class='ocrx_word' id='word_1_62' title='bbox 124 2736 277 2799; x_wconf 89' lang='lat' dir='ltr'>recessu,</span> <span class='ocrx_word' id='word_1_63' title='bbox 309 2738 373 2800; x_wconf 92' lang='lat' dir='ltr'>quo</span> <span class='ocrx_word' id='word_1_64' title='bbox 400 2715 512 2782; x_wconf 90' lang='lat' dir='ltr'>abdita</span> <span class='ocrx_word' id='word_1_65' title='bbox 538 2715 704 2798; x_wconf 82' lang='lat' dir='ltr'>iacebant,</span> <span class='ocrx_word' id='word_1_66' title='bbox 731 2716 765 2780; x_wconf 93' lang='lat' dir='ltr'>in</span> <span class='ocrx_word' id='word_1_67' title='bbox 795 2714 907 2781; x_wconf 91' lang='lat' dir='ltr'>sedem</span> <span class='ocrx_word' id='word_1_68' title='bbox 936 2714 1104 2800; x_wconf 91' lang='lat' dir='ltr'>propriam</span> <span class='ocrx_word' id='word_1_69' title='bbox 1134 2736 1173 2778; x_wconf 86' lang='lat' dir='ltr'>ac</span> <span class='ocrx_word' id='word_1_70' title='bbox 1195 2735 1288 2779; x_wconf 90' lang='lat' dir='ltr'>suam</span> 
     </span>
     <span class='ocr_line' id='line_1_10' title="bbox 123 2823 1288 2914; baseline -0.002 -22"><span class='ocrx_word' id='word_1_71' title='bbox 123 2827 336 2912; x_wconf 81' lang='lat' dir='ltr'>retraximus,</span> <span class='ocrx_word' id='word_1_72' title='bbox 366 2828 508 2914; x_wconf 91' lang='lat' dir='ltr'>itemque</span> <span class='ocrx_word' id='word_1_73' title='bbox 530 2828 633 2895; x_wconf 90' lang='lat' dir='ltr'>libelli</span> <span class='ocrx_word' id='word_1_74' title='bbox 654 2826 872 2895; x_wconf 88' lang='lat' dir='ltr'>Wunderiani</span> <span class='ocrx_word' id='word_1_75' title='bbox 894 2823 1075 2893; x_wconf 81' lang='lat' dir='ltr'>Censuram</span> <span class='ocrx_word' id='word_1_76' title='bbox 1098 2824 1288 2908; x_wconf 87' lang='lat' dir='ltr'>adiecimus,</span> 
     </span>
     <span class='ocr_line' id='line_1_11' title="bbox 127 2936 1287 3025; baseline 0.002 -22"><span class='ocrx_word' id='word_1_77' title='bbox 127 2939 331 3006; x_wconf 90' lang='lat' dir='ltr'>commodius</span> <span class='ocrx_word' id='word_1_78' title='bbox 361 2963 448 3006; x_wconf 94' lang='lat' dir='ltr'>nuno</span> <span class='ocrx_word' id='word_1_79' title='bbox 480 2940 522 3006; x_wconf 91' lang='lat' dir='ltr'>ad</span> <span class='ocrx_word' id='word_1_80' title='bbox 544 2940 658 3006; x_wconf 89' lang='lat' dir='ltr'>Aiacis</span> <span class='ocrx_word' id='word_1_81' title='bbox 687 2940 827 3024; x_wconf 89' lang='lat' dir='ltr'>calcem,</span> <span class='ocrx_word' id='word_1_82' title='bbox 858 2962 955 3025; x_wconf 90' lang='lat' dir='ltr'>quam</span> <span class='ocrx_word' id='word_1_83' title='bbox 979 2937 1056 3004; x_wconf 94' lang='lat' dir='ltr'>olim</span> <span class='ocrx_word' id='word_1_84' title='bbox 1078 2936 1112 3003; x_wconf 93' lang='lat' dir='ltr'>in</span> <span class='ocrx_word' id='word_1_85' title='bbox 1135 2937 1287 3005; x_wconf 82' lang='lat' dir='ltr'>extremis</span> 
     </span>
     <span class='ocr_line' id='line_1_12' title="bbox 124 3049 1289 3138; baseline 0 -23"><span class='ocrx_word' id='word_1_86' title='bbox 124 3049 385 3138; x_wconf 86' lang='lat' dir='ltr'>Paralipomenis</span> <span class='ocrx_word' id='word_1_87' title='bbox 417 3052 545 3120; x_wconf 86' lang='lat' dir='ltr'>lectam.</span> <span class='ocrx_word' id='word_1_88' title='bbox 603 3053 643 3119; x_wconf 88' lang='lat' dir='ltr'>ab</span> <span class='ocrx_word' id='word_1_89' title='bbox 678 3053 741 3118; x_wconf 88' lang='lat' dir='ltr'>hac</span> <span class='ocrx_word' id='word_1_90' title='bbox 769 3075 811 3118; x_wconf 91' lang='lat' dir='ltr'>ne</span> <span class='ocrx_word' id='word_1_91' title='bbox 846 3050 1066 3118; x_wconf 90' lang='lat' dir='ltr'>recideremns</span> <span class='ocrx_word' id='word_1_92' title='bbox 1095 3049 1289 3116; x_wconf 82' lang='lat' dir='ltr'>Auctarium</span> 
     </span>
     <span class='ocr_line' id='line_1_13' title="bbox 125 3161 1289 3252; baseline 0.001 -24"><span class='ocrx_word' id='word_1_93' title='bbox 125 3161 407 3248; x_wconf 87' lang='lat' dir='ltr'>Adnotationum‚</span> <span class='ocrx_word' id='word_1_94' title='bbox 435 3173 504 3230; x_wconf 93' lang='lat' dir='ltr'>tum</span> <span class='ocrx_word' id='word_1_95' title='bbox 534 3166 606 3252; x_wconf 87' lang='lat' dir='ltr'>ipsa</span> <span class='ocrx_word' id='word_1_96' title='bbox 633 3165 690 3231; x_wconf 86' lang='lat' dir='ltr'>illa</span> <span class='ocrx_word' id='word_1_97' title='bbox 719 3163 866 3232; x_wconf 82' lang='lat' dir='ltr'>Censura</span> <span class='ocrx_word' id='word_1_98' title='bbox 894 3163 1014 3246; x_wconf 88' lang='lat' dir='ltr'>vetuit,</span> <span class='ocrx_word' id='word_1_99' title='bbox 1042 3162 1135 3228; x_wconf 90' lang='lat' dir='ltr'>cuius</span> <span class='ocrx_word' id='word_1_100' title='bbox 1162 3162 1289 3230; x_wconf 91' lang='lat' dir='ltr'>initium</span> 
     </span>
     <span class='ocr_line' id='line_1_14' title="bbox 125 3273 1287 3363; baseline 0.003 -25"><span class='ocrx_word' id='word_1_101' title='bbox 125 3274 308 3359; x_wconf 88' lang='lat' dir='ltr'>proximam</span> <span class='ocrx_word' id='word_1_102' title='bbox 336 3277 486 3342; x_wconf 89' lang='lat' dir='ltr'>Auctarii</span> <span class='ocrx_word' id='word_1_103' title='bbox 519 3277 717 3343; x_wconf 87' lang='lat' dir='ltr'>vicinitatem</span> <span class='ocrx_word' id='word_1_104' title='bbox 752 3275 925 3363; x_wconf 86' lang='lat' dir='ltr'>efflagitat,</span> <span class='ocrx_word' id='word_1_105' title='bbox 960 3283 1031 3340; x_wconf 90' lang='lat' dir='ltr'>tum</span> <span class='ocrx_word' id='word_1_106' title='bbox 1062 3273 1287 3342; x_wconf 87' lang='lat' dir='ltr'>adnotationes</span> 
     </span>
     <span class='ocr_line' id='line_1_15' title="bbox 126 3385 1352 3476; baseline 0.002 -25"><span class='ocrx_word' id='word_1_107' title='bbox 126 3386 287 3470; x_wconf 87' lang='lat' dir='ltr'>quaedam</span> <span class='ocrx_word' id='word_1_108' title='bbox 308 3388 557 3474; x_wconf 84' lang='lat' dir='ltr'>prohibuerunt,</span> <span class='ocrx_word' id='word_1_109' title='bbox 580 3412 662 3474; x_wconf 90' lang='lat' dir='ltr'>quae</span> <span class='ocrx_word' id='word_1_110' title='bbox 685 3389 749 3476; x_wconf 93' lang='lat' dir='ltr'>ipsi</span> <span class='ocrx_word' id='word_1_111' title='bbox 773 3386 1004 3454; x_wconf 91' lang='lat' dir='ltr'>commentario</span> <span class='ocrx_word' id='word_1_112' title='bbox 1026 3386 1081 3452; x_wconf 87' lang='lat' dir='ltr'>vix</span> <span class='ocrx_word' id='word_1_113' title='bbox 1094 3385 1290 3454; x_wconf 89' lang='lat' dir='ltr'>videbantur</span> <span class='ocrx_word' id='word_1_114' title='bbox 1348 3388 1352 3396; x_wconf 82' lang='grc'><strong>’</strong></span> 
     </span>
     <span class='ocr_line' id='line_1_16' title="bbox 125 3498 1290 3587; baseline 0.002 -25"><span class='ocrx_word' id='word_1_115' title='bbox 125 3498 301 3566; x_wconf 90' lang='lat' dir='ltr'>immisceri</span> <span class='ocrx_word' id='word_1_116' title='bbox 329 3521 444 3586; x_wconf 83' lang='lat' dir='ltr'>posse,</span> <span class='ocrx_word' id='word_1_117' title='bbox 472 3501 562 3567; x_wconf 87' lang='lat' dir='ltr'>velut</span> <span class='ocrx_word' id='word_1_118' title='bbox 583 3501 654 3579; x_wconf 89' lang='lat' dir='ltr'>illa,</span> <span class='ocrx_word' id='word_1_119' title='bbox 679 3499 807 3586; x_wconf 89' lang='lat' dir='ltr'>quade</span> <span class='ocrx_word' id='word_1_120' title='bbox 830 3502 1016 3566; x_wconf 73' lang='lat' dir='ltr'>omissionis</span> <span class='ocrx_word' id='word_1_121' title='bbox 1039 3499 1200 3567; x_wconf 86' lang='lat' dir='ltr'>vocabulo</span> <span class='ocrx_word' id='word_1_122' title='bbox 1222 3501 1290 3587; x_wconf 85' lang='lat' dir='ltr'>egit</span> 
     </span>
     <span class='ocr_line' id='line_1_17' title="bbox 125 3600 1390 3700; baseline 0.004 -26"><span class='ocrx_word' id='word_1_123' title='bbox 125 3608 326 3679; x_wconf 84' lang='lat' dir='ltr'>Lobeckius.</span> <span class='ocrx_word' id='word_1_124' title='bbox 380 3612 519 3699; x_wconf 91' lang='lat' dir='ltr'>denique</span> <span class='ocrx_word' id='word_1_125' title='bbox 554 3637 574 3679; x_wconf 91' lang='lat' dir='ltr'>a</span> <span class='ocrx_word' id='word_1_126' title='bbox 607 3636 807 3680; x_wconf 93' lang='lat' dir='ltr'>summorum</span> <span class='ocrx_word' id='word_1_127' title='bbox 841 3611 1057 3679; x_wconf 87' lang='lat' dir='ltr'>bibliothecae</span> <span class='ocrx_word' id='word_1_128' title='bbox 1090 3600 1289 3700; x_wconf 81' lang='lat' dir='ltr'>Regidmon-</span> <span class='ocrx_word' id='word_1_129' title='bbox 1362 3612 1390 3691; x_wconf 85' lang='grc' dir='ltr'> </span> 
     </span>
     <span class='ocr_line' id='line_1_18' title="bbox 126 3725 1289 3813; baseline 0.003 -24"><span class='ocrx_word' id='word_1_130' title='bbox 126 3732 222 3790; x_wconf 88' lang='lat' dir='ltr'>tanae</span> <span class='ocrx_word' id='word_1_131' title='bbox 251 3725 424 3791; x_wconf 90' lang='lat' dir='ltr'>custodum</span> <span class='ocrx_word' id='word_1_132' title='bbox 446 3727 643 3793; x_wconf 85' lang='lat' dir='ltr'>humanitate</span> <span class='ocrx_word' id='word_1_133' title='bbox 666 3727 927 3813; x_wconf 84' lang='lat' dir='ltr'>impetravimus,</span> <span class='ocrx_word' id='word_1_134' title='bbox 953 3735 991 3791; x_wconf 93' lang='lat' dir='ltr'>ut</span> <span class='ocrx_word' id='word_1_135' title='bbox 1014 3725 1179 3812; x_wconf 83' lang='lat' dir='ltr'>exemplar</span> <span class='ocrx_word' id='word_1_136' title='bbox 1202 3749 1289 3792; x_wconf 91' lang='lat' dir='ltr'>com·</span> 
     </span>
    </p>
   </div>
   <div class='ocr_carea' id='block_1_4' title="bbox 125 3828 1288 3926">
    <p class='ocr_par' dir='ltr' id='par_1_4' title="bbox 125 3828 1288 3926">
     <span class='ocr_line' id='line_1_19' title="bbox 125 3828 1288 3926; baseline 0.001 -25"><span class='ocrx_word' id='word_1_137' title='bbox 125 3837 369 3921; x_wconf 87' lang='lat' dir='ltr'>mentariorum‚</span> <span class='ocrx_word' id='word_1_138' title='bbox 393 3828 646 3926; x_wconf 66' lang='lat' dir='ltr'>cuius⁰margini</span> <span class='ocrx_word' id='word_1_139' title='bbox 669 3839 831 3925; x_wconf 89' lang='lat' dir='ltr'>permulta</span> <span class='ocrx_word' id='word_1_140' title='bbox 851 3837 1072 3925; x_wconf 86' lang='lat' dir='ltr'>adscripserat</span> <span class='ocrx_word' id='word_1_141' title='bbox 1085 3838 1135 3904; x_wconf 88' lang='lat' dir='ltr'>vir</span> <span class='ocrx_word' id='word_1_142' title='bbox 1148 3836 1288 3926; x_wconf 81' lang='lat' dir='ltr'>legendo</span> 
     </span>
    </p>
   </div>
   <div class='ocr_carea' id='block_1_5' title="bbox 124 3947 1384 4371">
    <p class='ocr_par' dir='ltr' id='par_1_5' title="bbox 124 3947 1352 4149">
     <span class='ocr_line' id='line_1_20' title="bbox 124 3947 1289 4033; baseline 0.002 -20"><span class='ocrx_word' id='word_1_143' title='bbox 124 3947 322 4033; x_wconf 84' lang='lat' dir='ltr'>indefessus,</span> <span class='ocrx_word' id='word_1_144' title='bbox 351 3949 392 4015; x_wconf 86' lang='lat' dir='ltr'>ad</span> <span class='ocrx_word' id='word_1_145' title='bbox 420 3949 505 4016; x_wconf 88' lang='lat' dir='ltr'>hanc</span> <span class='ocrx_word' id='word_1_146' title='bbox 528 3949 750 4016; x_wconf 90' lang='lat' dir='ltr'>adornandam</span> <span class='ocrx_word' id='word_1_147' title='bbox 773 3950 948 4017; x_wconf 88' lang='lat' dir='ltr'>editionem</span> <span class='ocrx_word' id='word_1_148' title='bbox 976 3951 1070 4017; x_wconf 90' lang='lat' dir='ltr'>nobis</span> <span class='ocrx_word' id='word_1_149' title='bbox 1091 3950 1289 4016; x_wconf 86' lang='lat' dir='ltr'>transmitte-</span> 
     </span>
     <span class='ocr_line' id='line_1_21' title="bbox 125 4061 1352 4149; baseline 0.002 -24"><span class='ocrx_word' id='word_1_150' title='bbox 125 4068 232 4141; x_wconf 83' lang='lat' dir='ltr'>retur3</span> <span class='ocrx_word' id='word_1_151' title='bbox 263 4084 328 4146; x_wconf 92' lang='lat' dir='ltr'>quo</span> <span class='ocrx_word' id='word_1_152' title='bbox 358 4061 488 4147; x_wconf 92' lang='lat' dir='ltr'>quidem</span> <span class='ocrx_word' id='word_1_153' title='bbox 515 4063 562 4128; x_wconf 87' lang='lat' dir='ltr'>ita</span> <span class='ocrx_word' id='word_1_154' title='bbox 589 4063 640 4130; x_wconf 89' lang='lat' dir='ltr'>usi</span> <span class='ocrx_word' id='word_1_155' title='bbox 671 4086 801 4148; x_wconf 80' lang='lat' dir='ltr'>sumus,</span> <span class='ocrx_word' id='word_1_156' title='bbox 831 4073 869 4130; x_wconf 89' lang='lat' dir='ltr'>ut</span> <span class='ocrx_word' id='word_1_157' title='bbox 890 4064 1020 4131; x_wconf 91' lang='lat' dir='ltr'>notulas</span> <span class='ocrx_word' id='word_1_158' title='bbox 1042 4064 1133 4145; x_wconf 83' lang='lat' dir='ltr'>istas,</span> <span class='ocrx_word' id='word_1_159' title='bbox 1154 4062 1290 4128; x_wconf 88' lang='lat' dir='ltr'>resectis</span> <span class='ocrx_word' id='word_1_160' title='bbox 1348 4139 1352 4149; x_wconf 26' lang='grc' dir='ltr'>ι</span> 
     </span>
    </p>

    <p class='ocr_par' dir='ltr' id='par_1_6' title="bbox 124 4173 1384 4371">
     <span class='ocr_line' id='line_1_22' title="bbox 125 4173 1384 4267; baseline 0.002 -29"><span class='ocrx_word' id='word_1_161' title='bbox 125 4174 241 4259; x_wconf 87' lang='lat' dir='ltr'>paucis</span> <span class='ocrx_word' id='word_1_162' title='bbox 264 4173 459 4259; x_wconf 91' lang='lat' dir='ltr'>quibusdam</span> <span class='ocrx_word' id='word_1_163' title='bbox 487 4174 582 4241; x_wconf 92' lang='lat' dir='ltr'>nimis</span> <span class='ocrx_word' id='word_1_164' title='bbox 604 4175 803 4264; x_wconf 87' lang='lat' dir='ltr'>imperfectis</span> <span class='ocrx_word' id='word_1_165' title='bbox 832 4184 865 4243; x_wconf 89' lang='lat' dir='ltr'>et</span> <span class='ocrx_word' id='word_1_166' title='bbox 890 4177 1031 4265; x_wconf 84' lang='lat' dir='ltr'>fragosis</span> <span class='ocrx_word' id='word_1_167' title='bbox 1053 4175 1187 4260; x_wconf 91' lang='lat' dir='ltr'>aliisque</span> <span class='ocrx_word' id='word_1_168' title='bbox 1208 4197 1290 4240; x_wconf 93' lang='lat' dir='ltr'>non·</span> <span class='ocrx_word' id='word_1_169' title='bbox 1383 4262 1384 4267; x_wconf 8' lang='grc' dir='ltr'>ἵ</span> 
     </span>
     <span class='ocr_line' id='line_1_23' title="bbox 124 4285 1290 4371; baseline 0.001 -20"><span class='ocrx_word' id='word_1_170' title='bbox 124 4285 242 4370; x_wconf 80' lang='lat' dir='ltr'>nullis,</span> <span class='ocrx_word' id='word_1_171' title='bbox 270 4309 368 4371; x_wconf 83' lang='lat' dir='ltr'>quas,</span> <span class='ocrx_word' id='word_1_172' title='bbox 396 4309 469 4353; x_wconf 91' lang='lat' dir='ltr'>cum</span> <span class='ocrx_word' id='word_1_173' title='bbox 499 4286 622 4353; x_wconf 91' lang='lat' dir='ltr'>dudum</span> <span class='ocrx_word' id='word_1_174' title='bbox 648 4288 682 4353; x_wconf 91' lang='lat' dir='ltr'>in</span> <span class='ocrx_word' id='word_1_175' title='bbox 705 4289 937 4355; x_wconf 87' lang='lat' dir='ltr'>commentario</span> <span class='ocrx_word' id='word_1_176' title='bbox 960 4287 1147 4354; x_wconf 86' lang='lat' dir='ltr'>reconditae</span> <span class='ocrx_word' id='word_1_177' title='bbox 1170 4295 1290 4371; x_wconf 83' lang='lat' dir='ltr'>essent,</span> 
     </span>
    </p>
   </div>
   <div class='ocr_carea' id='block_1_6' title="bbox 0 0 1437 4956">
    <p class='ocr_par' dir='ltr' id='par_1_7' title="bbox 0 0 1437 4956">
     <span class='ocr_line' id='line_1_24' title="bbox 0 0 1437 4956; baseline 0 0"><span class='ocrx_word' id='word_1_178' title='bbox 0 0 1437 4956; x_wconf 95' lang='lat' dir='ltr'> </span> 
     </span>
    </p>
   </div>
  </div>
 </body>
</html>
