2850 4956
124 281 160 328 Ἦ

126 436 304 511 stionibus
331 433 579 525 subtilitatem,
605 434 641 507 in
665 433 820 508 dicendo
838 433 1008 533 vigorem
1029 436 1281 534 claroremque

124 552 215 624 mihi
245 550 450 644 adaequare
480 549 608 623 videri.
672 555 867 624 Praeterea
897 550 986 623 nihil
1018 562 1088 643 est,
1127 553 1176 625 de·
1206 577 1280 649 quo

123 667 282 739 lectores
312 690 416 738 meos
448 664 624 738 certiores
655 664 737 738 fieri
767 665 911 763 cupiam
936 665 1006 738 nisi
1031 667 1132 761 quod
1157 668 1297 741 multis
1343 686 1345 689 ’

124 781 309 881 ingratum
340 779 421 852 fore
451 779 666 877 praevideo,
704 780 832 853 deesse
867 779 952 853 huic
984 781 1149 872 editioni,
1188 808 1281 878 quae

124 895 287 995 priorem
314 894 469 985 ornavit,
494 893 648 968 Seidleri
674 895 877 993 epistolam,
903 920 1013 992 quam
1039 923 1113 969 non
1140 897 1281 970 omisis-

126 1035 203 1083 sem
229 1009 297 1083 nisi
322 1009 393 1083 viri
418 1009 621 1083 doctissimi
645 1010 828 1084 voluntati
852 1009 976 1108 potius
1003 1011 1281 1107 obsequendum

124 1125 255 1198 fuisset
284 1150 394 1221 quam
418 1149 532 1199 meae.
585 1124 879 1224 Typothetarum
905 1136 1026 1198 errata
1050 1124 1088 1197 in
1114 1135 1282 1200 extrema

125 1240 293 1314 indicabo
331 1239 465 1339 pagina
478 1238 524 1335 ⁴⁶),
562 1264 655 1335 quae
686 1240 787 1336 quod
816 1264 934 1338 pauca
965 1251 1072 1330 sunt,
1093 1240 1280 1314 Friderico

125 1354 266 1429 Palmio
299 1364 491 1453 acceptum
522 1355 661 1446 refero,
692 1355 894 1429 correctori
920 1354 1060 1429 sollerti
1085 1366 1123 1429 et
1147 1354 1283 1429 utrius-

126 1497 198 1568 que
227 1471 373 1571 linguae
405 1495 583 1568 perquam
608 1471 739 1570 perito.
788 1469 1003 1566 Eodemque
1029 1471 1113 1544 loco
1139 1469 1282 1544 additu-

124 1613 188 1660 rus
221 1611 302 1660 sum
333 1609 426 1681 quae
452 1587 531 1682 jam
563 1610 661 1658 nunc
691 1585 951 1684 praetermissa
980 1585 1105 1676 video,
1136 1585 1281 1683 potissi-

124 1727 227 1775 mum
258 1726 307 1774 ex
331 1699 390 1773 Fr.
415 1699 601 1791 Ellendtii,
633 1700 705 1773 viri
735 1699 956 1790 amicissimi,
989 1699 1111 1773 lexico
1138 1698 1281 1798 Sopho-

126 1818 216 1906 cleo,
242 1815 392 1915 egregio
418 1815 552 1888 horum
571 1814 777 1888 studiorum
794 1815 1049 1905 instrumento,
1075 1817 1179 1911 cujus
1195 1840 1281 1912 pars

125 1931 227 2029 prior
252 1956 370 2028 nuper
395 1930 442 2002 ad
467 1954 535 2001 nos
561 1929 669 2002 allata
694 1940 761 2002 est.
805 1926 936 2002 Cetera
961 1929 1066 2001 alteri
1090 1953 1282 2003 reservan-

125 2057 186 2118 tur
212 2044 400 2134 volumini,
427 2045 486 2117 cui
512 2043 694 2117 destinavi
719 2042 995 2116 dissertationes
1014 2045 1059 2117 de
1075 2043 1282 2143 praeceptis

127 2159 357 2258 euphonicis,
389 2160 434 2231 de
465 2152 673 2231 nominibus
705 2158 985 2258 monosyllabis,
1017 2160 1062 2232 de
1088 2159 1284 2258 asyntaxia

127 2284 319 2374 generum,
350 2274 395 2346 de
422 2272 736 2347 substantivorum
761 2274 942 2363 motione,
975 2273 1282 2364 denominatione,

125 2389 485 2489 paraschematismo,
511 2387 672 2482 aliasque
699 2388 967 2485 complusculos
992 2388 1126 2487 partim
1159 2396 1282 2487 synta-

127 2504 238 2578 cticas
262 2505 397 2604 partim
425 2506 504 2600 ejus
530 2503 685 2602 generis,
712 2503 812 2598 quod
838 2503 875 2574 in
893 2502 1127 2602 Etymologia
1150 2514 1284 2577 tracta-

125 2632 196 2695 tur.
252 2618 333 2710 Quo
357 2619 398 2692 si
425 2627 645 2717 perventum
675 2616 800 2706 fuerit,
839 2618 939 2712 quod
978 2618 1081 2690 brevi
1118 2602 1284 2692 futurum

128 2761 247 2835 spero,
271 2746 351 2808 tum
376 2759 467 2808 vero
493 2732 599 2805 liberi
625 2731 809 2828 solutique
831 2731 1111 2805 adnotationum
1127 2733 1284 2807 vinculis

126 2878 193 2951 per
232 2851 415 2950 spatiosos
453 2848 643 2922 doctrinae
682 2872 766 2920 cum
804 2846 1038 2945 philosophia
1068 2848 1148 2946 ipsa
1177 2859 1284 2950 natae

127 2977 379 3064 cognataeque
418 2989 568 3060 campos
602 2962 829 3060 vagabimur.
895 2962 1031 3060 Scripsi
1061 2962 1285 3062 Regimontii
1324 3054 1326 3057 v

127 3078 350 3152 Prussorum
376 3077 483 3150 nonis
509 3076 683 3174 aprilibus
708 3078 751 3150 A.
776 3074 1090 3152 MDOOOXXXV.

126 3256 327 3268 Ι-ῇ--ι-...α

98 3427 100 3433 Α
198 3357 223 3421 *)
242 3360 400 3424 Praecipiam
417 3374 441 3422 p.
461 3357 502 3408 93.
521 3358 564 3407 lin.
583 3358 607 3408 5.
632 3357 708 3424 ζῶμα
726 3375 772 3423 pro
792 3357 870 3423 σῶμα
888 3360 1007 3423 positum,
1026 3375 1049 3424 p.
1067 3358 1108 3408 96.
1127 3359 1143 3407 l.
1159 3359 1182 3408 5.
1207 3359 1284 3409 afin.

125 3447 248 3513 pollutarc
262 3462 309 3511 pro
318 3445 452 3510 pullulare.
487 3436 660 3513 Cur’Eprruic,
680 3438 779 3513 λάθρᾳ,
798 3436 924 3512 τοῦργον,
942 3438 1031 3515 γήραι,
1050 3441 1146 3507 uiuam,
1164 3439 1285 3513 κηρῦξαι,

127 3527 179 3604 φῄς
196 3551 248 3584 non
267 3535 411 3599 scripserim
429 3534 556 3597 usquein
575 3541 725 3582 accentuum
745 3534 951 3584 inclinationibus
969 3535 1066 3599 priores
1091 3534 1200 3583 editores
1219 3547 1285 3582 sem·

74 3640 80 3648 ⁸
126 3640 173 3689 per
191 3630 311 3688 sequutus
331 3623 380 3672 sim
399 3623 572 3672 commodiore
590 3623 648 3672 loco
668 3636 803 3687 exponam.
841 3622 967 3671 Dindorfii
986 3621 1120 3681 sententia,
1145 3636 1220 3684 quam
1238 3621 1285 3668 im-

127 3711 235 3776 pugnavi
257 3726 282 3775 p.
301 3709 359 3759 163.
383 3710 513 3773 proposita
537 3716 575 3758 est
599 3710 624 3757 in
650 3710 760 3760 editione
784 3709 996 3758 Weidmanniana
1019 3711 1050 3756 A.
1075 3701 1284 3758 MDCCCXXX.

128 3813 204 3862 quarn
222 3798 289 3861 apud
308 3807 408 3846 nostros
428 3796 580 3860 bibliopolas
601 3797 644 3845 diu
662 3797 757 3846 frustra
775 3797 894 3859 requisivi
913 3803 1051 3859 auctorque
1072 3796 1116 3844 viri
1136 3795 1231 3858 egregii
1254 3795 1285 3855 is,

107 3915 115 3921 ’ν
126 3892 204 3958 quem
222 3884 378 3949 suspicabar,
397 3883 511 3933 Photius.
