2858 4964
199 325 231 377 76
639 319 912 375 COMMENTARIUS

197 483 274 548 bum
296 476 470 567 λαγχάνειν
493 478 774 566 significationem,
798 499 862 561 qua
883 476 984 542 latina
1003 480 1204 560 partior’pare
1224 486 1257 543 et
1273 501 1354 544 oom-

189 575 355 635 moneare
377 566 523 654 praedita
547 575 631 649 sunt,
655 590 712 653 per
735 566 843 630 omnia
866 566 1095 631 inclinamenta
1120 569 1355 654 propagaverit

196 683 237 724 an
260 682 320 744 pro
343 656 546 743 temporibus
570 664 603 720 et
625 655 729 720 modis
745 655 891 733 variarit3
916 654 1075 720 Proculus
1093 654 1224 738 quidem
1238 656 1353 744 Epigr.

98 746 100 752 ’
195 747 255 813 VI.
279 750 309 811 4.
341 745 473 830 λελάγοι
501 743 583 808 dixit
611 767 671 830 pro
695 739 799 828 λάχοι.
851 744 903 808 Αο
927 743 1064 809 fortasse
1087 743 1261 809 verborum
1284 745 1355 810 the·

196 835 390 901 maticorum
414 831 481 897 δάω
506 840 539 897 et
562 834 635 915 δίω,
660 833 687 897 si
709 833 805 918 plura
828 842 1036 918 superessent
1058 833 1223 918 exempla,
1254 833 1355 922 signi-

195 925 305 990 ficatio
329 929 501 1009 appareret
523 919 672 1000 liberior;
701 921 798 1007 hujus
822 929 909 986 certe
930 921 1077 986 futurum
1099 921 1282 988 factitivum
1305 931 1355 988 est

84 1007 87 1018 ’
113 1069 115 1072 .
196 1014 230 1078 111
258 1012 388 1078 Phalar.
416 1010 480 1096 Hp.
503 1009 703 1075 LXXXIV.
736 1012 809 1075 240.
838 1011 952 1089 μηδεὶς
980 1012 1034 1093 ἐμὲ
1064 1006 1172 1093 λόγοις
1201 1013 1354 1075 καταδεί-

198 1124 266 1167 σειν
290 1103 414 1166 ολίσθω
437 1098 621 1184 pariterque
645 1095 764 1177 λη’θειν
786 1097 971 1186 in0Maxim.
996 1123 1025 1163 v.
1043 1101 1094 1163 77.
1111 1102 1216 1182 τῆμος
1231 1096 1353 1178 σελήνη

198 1186 289 1268 λήσει
319 1187 428 1270 εὐνῆς,
458 1186 492 1252 id
522 1195 572 1251 est
595 1189 824 1251 ἐπιλαθέσθαι
847 1185 992 1268 ποιήσει,
1017 1196 1049 1252 ct
1070 1210 1193 1274 parago
1241 1190 1354 1267 111λη-

199 1274 297 1341 θάνω
331 1285 427 1362 atque
463 1275 677 1360 compositum
713 1277 848 1355 ὲκλῆσαι
882 1275 996 1341 Alcaei
1029 1275 1085 1341 Pr.
1115 1275 1183 1340 LX
1235 1325 1243 1340 .
1281 1298 1354 1341 cum
1416 1288 1418 1295 '

197 1367 360 1452 praesenti
389 1363 537 1445 ἐπιλήθει
568 1364 698 1431 Aretae.
733 1362 824 1451 Sign.
855 1363 946 1429 Diut.
977 1364 1019 1430 11.
1052 1366 1108 1446 12,
1142 1367 1214 1430 169.
1248 1361 1354 1448 ἡδονὴ

198 1458 303 1544 σφέας
333 1450 467 1532 λάζυται
490 1449 700 1532 ὲπιληθουσα
724 1455 788 1518 τῶν
811 1451 928 1536 πάρος,
958 1453 1121 1538 quomodo
1144 1453 1354 1519 Ptolemaeus

197 1542 284 1630 apud
313 1543 494 1608 Homerum
521 1540 652 1628 legebat
679 1544 787 1606 κακῶν
816 1543 981 1621 ἑπιλῆθον
1003 1539 1173 1624 ἁπάντων,
1198 1542 1258 1607 sed
1281 1542 1355 1606 Ari-

198 1631 319 1697 starchi
339 1631 512 1696 lectionem
536 1630 729 1695 confirmant
750 1629 943 1714 imitatores,
972 1627 1111 1784 Gregor.
1136 1629 1219 1695 Naz.
1246 1628 1352 1696 Oarm.

197 1723 248 1786 50.
274 1745 307 1807 p.
335 1722 405 1786 179.
430 1719 469 1784 Β.
494 1718 676 1805 Theophyl.
700 1718 788 1784 Hist.
812 1718 855 1784 11.
883 1722 934 1802 11,
957 1722 1010 1784 46.
1065 1745 1126 1786 .v.
1152 1719 1289 1786 Jacobs.
1314 1718 1355 1784 ad

196 1810 323 1875 Aelian.
353 1833 386 1896 p.
414 1810 487 1874 158.
518 1831 565 1893 sq.
597 1807 753 1873 Philostr.
783 1807 890 1894 Epist.
913 1807 1009 1874 XIV.
1042 1809 1116 1877 920.
1149 1807 1169 1888 ἡ
1198 1807 1353 1887 ξυνουσία

197 1898 255 1963 οὐκ
292 1894 434 1977 λπιλήσει
464 1919 500 1963 σε
530 1901 593 1962 τῶν
622 1895 836 1984 ἀφροδισίων.
896 1897 948 1961 Ac
975 1906 1104 1985 praeter
1134 1895 1354 1963 Ptolemaeum

196 1986 296 2050 fuisse
320 1985 478 2069 quosdam
501 1985 663 2051 factitivae
687 1984 932 2073 significationis
956 1994 1115 2051 amatores
1138 1985 1270 2070 nimios,
1291 1995 1354 2052 tes·

196 2082 299 2138 tatum
332 2075 456 2139 faciunt
489 2072 744 2141 Scholiastarum
778 2073 1021 2154 adnotationes;
1056 2074 1098 2139 ad
1126 2073 1165 2139 Il.
1200 2074 1227 2139 Ι.
1258 2077 1355 2160 μῆνιν

199 2158 285 2225 ε’ίειδε
317 2160 384 2226 θεά
414 2160 523 2228 Schol.
555 2162 630 2226 άντὶ
659 2165 719 2228 τοῦ
750 2160 870 2227 ἀείδειν
900 2168 1002 2245 ποίει,
1032 2162 1075 2239 ὡς
1102 2162 1261 2240 πάντας
1284 2169 1354 2246 μίν

78 2323 80 2329 .
198 2248 227 2330 ρ’
240 2252 361 2314 ἔλπει.
400 2249 553 2316 Photius:
572 2245 706 2316 ’Έσπετε
731 2251 805 2336 (νῦν
826 2276 884 2334 μοι
902 2253 1052 2336 Μοῦσαι)
1070 2257 1170 2316 εἰπεῖν
1185 2249 1353 2334 ποιήσατε.

198 2336 307 2405 Schol.
331 2337 427 2404 Pind.
452 2338 489 2402 P.
513 2339 573 2405 IV.
599 2340 650 2404 63.
676 2339 825 2418 ἀπίθησέ
850 2364 911 2422 νιν,
934 2341 1128 2418 παθητικῶς
1153 2340 1232 2423 (scr.
1257 2365 1355 2425 μετα·

198 2428 354 2512 βατικῶς)
378 2425 452 2492 άντὶ
476 2431 536 2492 τοῦ
558 2428 671 2510 άπιθῆ
693 2431 833 2507 ἐποίησε.
859 2435 892 2493 et
914 2427 956 2492 ad
980 2426 1033 2494 Ol.
1049 2427 1095 2492 X.
1123 2431 1151 2492 l.
1177 2425 1355 2509 ἀνάγνωτε,

157 2531 186 2575 92
199 2514 257 2599 οὐχ
281 2512 324 2591 ὥς
346 2539 441 2597 τινες,
464 2513 539 2580 άντὶ
561 2518 622 2581 τοῦ
645 2520 870 2603 ὲγυωρίσατε-
896 2516 952 2581 Ad
974 2517 1134 2598 ultimum,
1157 2517 1213 2600 qui
1234 2515 1355 2604 Odyss.

197 2603 260 2670 XI.
286 2605 359 2669 579.
384 2606 519 2686 δέρτρον
542 2607 603 2670 ἔσω
628 2603 791 2684 δύνοντες,
814 2627 932 2669 nomen
955 2604 1037 2669 illud
1058 2606 1263 2691 interpretati
1284 2613 1358 2671 sunt

198 2690 333 2784 ῥάμφος
360 2718 392 2757 v.
424 2691 534 2759 Schol.
564 2691 655 2760 Suid.
685 2693 793 2780 Etym.
824 2693 872 2757 M.
908 2693 967 2758 hos
997 2692 1150 2759 credibile
1179 2703 1230 2760 est
1258 2695 1356 2761 verbo

198 2781 353 2870 adjuncto
389 2780 524 2847 eandem
556 2781 709 2848 tribuisse
738 2781 1009 2868 significationem
1038 2805 1134 2866 quam
1163 2782 1263 2848 habet
1293 2780 1356 2848 δόω

156 2889 161 2909 ¹
197 2875 346 2953 ιἰανιανςο
378 2870 543 2956 Theophr.
573 2870 617 2936 H.
648 2869 698 2934 Pl.
723 2871 765 2936 V.
788 2872 825 2953 4,
856 2872 885 2936 8.
916 2871 1132 2956 compositum
1161 2867 1316 2936 καταδόω
1328 2871 1355 2955 ¹)

198 2969 231 3023 et
252 2981 494 3043 nonnumquam
523 2959 621 3024 latina
643 2969 815 3040 penetrare
828 2967 870 3023 ,et
894 2963 1068 3040 ι’κείααωνι,
1091 2959 1206 3043 hisque
1231 2967 1357 3026 coutra-

197 3049 281 3113 rium
304 3052 475 3112 είίιαίοονε.
523 3047 587 3112 His
610 3048 710 3132 igitur
733 3047 883 3113 omnibus
906 3049 959 3112 vel
980 3048 1112 3113 remotis
1135 3048 1188 3113 vel
1207 3048 1242 3113 in
1258 3047 1356 3113 dubio

197 3134 319 3200 relictis
349 3135 481 3200 afferam
511 3145 600 3200 certa
627 3136 723 3223 hujus
752 3137 974 3202 conversionis
1003 3136 1159 3222 exempla.
1210 3136 1357 3202 Primum

198 3220 355 3302 ιιτήσσειυ
385 3231 417 3288 et
447 3228 594 3312 φαίνειν,
624 3248 762 3309 quorum
793 3238 942 3292 auctores
972 3233 1097 3305 extant3
1133 3233 1203 3288 tum
1233 3222 1357 3305 πλήθει

198 3312 346 3395 κρητῆρα
375 3334 436 3397 pro
465 3315 627 3394 πίμπλησι
655 3314 765 3381 Probl.
796 3314 936 3380 Arithm.
961 3313 1089 3380 XLIII.
1114 3312 1226 3378 Anall.
1250 3313 1291 3378 T.
1314 3313 1355 3380 Π.

199 3401 274 3467 489.
304 3399 322 3465 ὁ
352 3395 469 3484 φλοιός
499 3402 623 3482 στίλβει
653 3401 828 3487 πρόςωπον
851 3400 1074 3488 ἐπιχριόμενος
1095 3401 1250 3468 Dioscor.
1274 3402 1355 3468 Mat.

198 3487 224 3553 I.
253 3489 324 3554 112.
355 3512 387 3575 p.
414 3492 486 3554 111.
516 3492 702 3574 σκαρθμολν
731 3491 853 3567 λαόσεις
884 3489 1003 3557 στόλον
1032 3490 1198 3578 Lycophr.
1228 3497 1259 3557 v.
1285 3494 1355 3557 111.

197 3600 258 3663 pro
287 3575 440 3661 παύσεις,
469 3579 628 3644 ἔπλευσαν
657 3576 754 3644 νάϊον
784 3575 893 3664 όχημα
921 3580 1001 3645 Eur.
1024 3579 1097 3665 Iph.
1128 3579 1168 3646 T.
1190 3581 1267 3647 419.
1298 3603 1356 3668 pro

197 3661 338 3751 ἤρεσαν,
368 3661 446 3756 όφις
473 3663 575 3732 κακόν
604 3671 636 3732 οἱ
664 3670 759 3752 ἔχραε
789 3679 901 3735 κοῖτον
930 3667 1072 3734 Nicand.
1101 3668 1201 3745 Ther.
1226 3669 1302 3734 315.
1328 3677 1358 3735 et

197 3752 380 3822 κυνόδοντα
409 3779 439 3819 v.
463 3757 538 3820 977.
570 3777 630 3840 pro
658 3761 869 3843 ὲνίγριμηιεν,
899 3760 1095 3846 ἐνέσκηψεν,
1126 3754 1291 3844 ἐνήρεισε,
1321 3780 1357 3824 ac

197 3845 267 3911 fieri
290 3853 409 3931 potest,
433 3851 470 3908 ut
491 3843 546 3908 illa
568 3843 631 3908 tria
652 3844 751 3912 verba
773 3844 883 3911 furtim
907 3844 948 3910 ad
966 3847 1245 3912 constructionem
1261 3870 1357 3933 syno-

198 3990 332 3997 ———--

272 4040 295 4104 ¹)
316 4043 436 4106 Apollon.
462 4044 482 4092 Ι.
503 4041 580 4092 1908.
607 4035 759 4094 δύπτοντες
782 4032 897 4108 κεφαλὰς
921 4045 966 4090 καί
989 4036 1107 4107 στήθεα,
1133 4044 1219 4096 Schol.
1245 4062 1292 4109 pro
1312 4037 1357 4094 δό-

197 4132 292 4167 νοντεε
315 4116 415 4180 accipit.
463 4115 601 4163 Adnotabo
625 4115 649 4164 h.
674 4115 690 4163 l.
714 4115 841 4163 Plutarch.
868 4116 982 4165 Amator.
1007 4131 1028 4166 e.
1053 4117 1134 4165 XXV.
1162 4116 1203 4166 67.
1231 4118 1261 4166 Τ.
1287 4117 1356 4167 XIII.

197 4176 286 4256 δίεπερ
309 4187 340 4235 ἐν
364 4180 461 4253 φωλεῷ
485 4177 663 4233 καταδόσασα
686 4200 732 4248 pro
751 4178 1039 4250 καταδῦσα-1011110010,
1060 4180 1193 4239 δείσαντος
1211 4186 1263 4236 τοῦ
1283 4182 1357 4251 ἡλίου

199 4256 342 4323 Olympiod.
367 4261 400 4308 ad
418 4259 451 4308 11.
471 4259 579 4308 Metcor.
600 4273 624 4320 p.
640 4255 681 4316 13,
700 4271 723 4304 a.
744 4272 790 4319 pro
810 4249 955 4318 δόναντοε,
981 4258 1055 4307 Hom.
1075 4259 1107 4309 H.
1127 4259 1178 4322 Ap.
1199 4258 1260 4307 443.
1281 4259 1307 4310 ἐς
1326 4253 1355 4306 δ’

198 4318 301 4378 ἄδυτον
323 4324 463 4389 κατέδυσε,
485 4329 581 4379 Charit.
601 4327 633 4376 V.
653 4327 678 4388 5,
698 4326 756 4376 116.
776 4326 865 4375 ταῦτα
883 4323 998 4394 λέγουσα
1017 4323 1094 4378 ἐνέδυ
1113 4331 1159 4378 καὶ
1177 4323 1289 4395 ἐκόσμει
1306 4320 1357 4393 τὴν

197 4393 375 4469 Καλλιῤῥοήν.
