2850 4956
439 334 543 386 AIA}
557 336 858 386 ΜΑΣΤΙΓΟΦΟΡΟΣ.

578 509 744 561 ΑΘΗΝΑ.

232 589 326 658 Εἶεν·
350 594 382 658 τί
404 585 469 676 γὰρ
492 586 533 671 δὴ
556 601 635 668 παῖς
659 590 677 655 ὁ
701 593 761 656 τοῦ
782 595 971 676 Λαερτίον,·

233 699 299 762 τεοῦ
321 717 375 762 σοι
396 691 496 781 τύχης
519 700 669 777 ίστηκενς
692 689 714 774 ἢ
735 699 874 787 ιτίφευγέ
898 718 950 779 σε,

599 828 719 878 ΑΙΑΣ.

228 902 281 976 Ἦ
299 908 532 997 τούπίτριτιτον
554 911 688 987 κίναδος
711 906 828 996 εξήρου
849 907 898 995 μ’,
924 907 1025 992 ὅσους

429 1088 430 1094 ,
579 1035 609 1083 A
616 1034 744 1087 θΗΝΑ.

229 1114 362 1203 ’'Eywy'·
389 1115 551 1195 Ὀδυσσέα,
576 1112 635 1182 τὸν
659 1111 720 1183 σὸν
743 1113 911 1197 ἐνστοίτην,
935 1118 1026 1200 λέγω.

603 1241 724 1292 AIA).

231 1321 399 1402 Ἥδιστος,
422 1313 448 1387 ὦ
471 1325 638 1400 δέσποινα,
662 1320 829 1407 δεσμώτης
851 1325 913 1389 ἔσω

236 1431 351 1496 θακεῖ·
376 1431 498 1494 θανεῖν
520 1426 584 1515 γὰρ
608 1423 711 1494 αὐτὸν
735 1422 775 1493 ού
797 1431 828 1493 τί
851 1451 901 1492 ττω
925 1429 1026 1493 θέλω.

582 1554 612 1602 A
619 1553 748 1604 θΗΝΑ.

238 1639 329 1721 Πρὶν
351 1629 395 1702 ἂν
417 1639 449 1701 τί
471 1631 595 1727 δροίσης
617 1629 640 1715 ἢ
662 1637 695 1699 τί
717 1630 877 1724 κερδοίνης
899 1636 1014 1712 τελέους

608 1760 729 1811 ΑΙΛΣ.
807 1805 809 1810 .

240 1845 330 1931 Πρὶν
352 1838 395 1908 div
418 1843 531 1918 δεθείς
553 1838 636 1925 πρὸς
658 1837 740 1906 κίον’
761 1841 885 1924 ἑρκείου
908 1842 1024 1923 στέγης
1048 1877 1088 1888 -

508 1990 510 1993 ’
584 1969 614 2017 A
620 1967 750 2018 OHNA.

244 2053 285 2116 Τί
307 2052 392 2131 δῆτα
415 2044 474 2116 τὸν
498 2047 660 2130 δύστηνον
683 2044 814 2136 ἐργάσει
836 2042 955 2127 κακόν,·

606 2176 726 2226 ΑΙΑΣ.

242 2257 391 2343 Μύστιγι
412 2262 544 2344 πρῶτον
566 2254 655 2325 νῶτα
679 2258 868 2348 φοινιχθεὶς
892 2249 995 2344 θοίνη.

584 2384 614 2433 Α
621 2383 751 2434 θΗΝΑ.

241 2463 303 2550 Μὴ
327 2467 412 2552 δῆτμ
435 2462 495 2532 τὸν
518 2461 681 2546 δύστηνον
704 2456 765 2530 ὧδέ
788 2460 816 2549 γ’
837 2465 954 2554 αίκίση.

182 2575 184 2579 ’
609 2587 731 2637 ΑΙΑΣ.
903 2617 905 2624 ,

244 2673 393 2757 Χαίρειν,
413 2665 557 2748 Άθοίνα,
581 2665 674 2734 τᾶλλ’
695 2664 757 2751 ἐγώ
781 2664 811 2737 σ,’
832 2668 974 2754 ἐφίεμαι,

240 2784 346 2851 κεῖνος
369 2775 402 2838 δὲ
425 2774 507 2837 τίσει
531 2770 629 2855 τήνδε
652 2770 732 2838 κούκ
755 2766 860 2848 ίίλλην
883 2769 985 2847 δίκην.

589 2898 619 2946 A
626 2895 754 2945 ΘΗΝΑ.

242 2975 299 3046 Σὺ
321 2978 351 3045 δ’
371 2971 438 3059 οὖν,
462 2973 571 3059 ἐπειδὴ
595 2983 709 3064 τίρφις
732 2973 789 3058 ἥδε
813 2997 866 3041 σοι
889 2969 927 3039 τὸ
951 2973 1046 3059 δρᾷν,

240 3089 308 3172 χρῶ
328 3088 425 3172 χειρί·
450 3085 567 3176 φείδου
589 3083 692 3167 μηδὲν
714 3071 820 3168 ὦνπερ
844 3085 974 3154 ἐννοεῖς.

608 3208 638 3256 Α
644 3207 730 3256 ΙΑΣ.

245 3293 353 3376 Χωρῶ
375 3287 457 3375 πρὸς
481 3293 591 3378 ἔργον·
615 3287 713 3357 τοῦτό
737 3310 791 3356 σοι
813 3285 841 3352 δ’
863 3288 1005 3377 ἐφίεμαι,

243 3394 368 3462 τοιάνδ’
389 3394 442 3460 ἀεί
463 3419 522 3482 μοι
544 3392 716 3479 ξύμμαχον
739 3388 954 3479 παρεστάναι.

588 3527 753 3577 ΑΘΗΝΑ.

248 3607 350 3732 θρηῐς,
377 3609 534 3689 Ὀδυσσεῦ,
557 3635 618 3690 την
642 3613 732 3674 θεῶν
756 3604 857 3693 ίσχύν,
882 3603 962 3688 ὅση,

243 3710 362 3779 τούτου
385 3716 434 3790 τίς
457 3711 499 3780 ἄν
522 3733 576 3778 σοι
598 3704 783 3798 τάνδρὸς
760 3735 782 3789 η
804 3706 1055 3838 ττρονούστερος,

244 3843 265 3896 η
260 3811 374 3906 δρᾷν
397 3817 540 3901 ἀμείνων
564 3814 688 3904 εὑρέθη
711 3809 752 3880 τύ
776 3817 907 3902 καίρια,

552 3951 602 4002 ΟΛ
613 3951 729 4000 ῬΣΣΕ
738 3950 798 3999 Pl

243 4029 324 4116 Ἐγώ
346 4036 406 4117 μὲν
430 4029 534 4099 οὐδέν’
555 4030 673 4098 οίδ’·ὲ
659 4033 846 4118 ὲποικτείρω
870 4031 905 4095 δέ
891 4033 979 4095 ίνιυ

247 4136 408 4219 δύστηνον
431 4140 544 4222 ίμιτας,
568 4142 684 4219 καίπερ
709 4132 791 4202 ὄντα
815 4137 964 4221 δυςμενῆ,

247 4241 403 4310 ὁθούνεκ’
424 4239 485 4336 ύίτη
508 4240 773 4326 ξυγκατίζευκτοιι
794 4242 888 4330 κακῇ,

248 4345 340 4415 οὐδὲν
364 4344 402 4413 τὸ
426 4344 545 4414 τούτου
565 4349 695 4432 μᾶλλον
716 4341 739 4430 ἦ
762 4340 886 4430 τούμὸν
912 4342 1053 4410 σκοπῶν.
