2858 4964
197 338 231 391 ra
640 290 913 383 conunumurus

196 490 287 558 verbi
322 483 436 574 ᾄσσειν
471 486 740 574 significationem
774 484 917 570 undique
952 486 1166 553 exterminare
1200 497 1352 570 conatum

196 604 271 646 nam
298 578 377 643 Eur.
408 576 530 642 Bacch.
559 578 631 640 147.
667 573 725 642 Or.
751 576 843 639 1436.
881 573 986 660 Orph.
1017 576 1099 663 Arg.
1134 579 1197 642 967
1235 579 1353 662 (972.)

197 664 388 748 αὶθύσσειν,
411 665 522 751 Apoll.
546 664 572 731 I.
599 665 694 729 1254.
719 662 816 754 ξίφος
840 667 1010 729 ἐπισσείων
1033 664 1243 730 scribendum
1267 688 1353 746 esse3

195 759 228 823 in
243 756 357 822 Nonni
379 755 452 819 loco
469 753 568 819 XXI.
589 754 661 818 150.
688 759 731 829 είς
755 750 865 839 ιμόβον
882 751 1046 818 ἀίσσουσα
1063 755 1225 838 κυβηλίδα
1242 758 1353 837 θῆλυν

198 843 304 927 Εννό,
327 843 390 909 nisi
412 844 441 909 is
463 843 546 908 haec
568 852 718 930 agentem
741 841 823 906 forte
847 841 1028 929 effugisset,
1051 842 1138 907 idem
1162 843 1232 909 sine
1255 843 1353 910 dubio

196 930 409 1000 αίθύσσουσα
440 931 655 1018 reposuisset,
684 952 789 1014 neque
812 930 944 1018 injuria,
975 953 1074 1015 quum
1097 930 1225 997 ἀίσσειν
1247 955 1353 1017 neque

195 1023 229 1087 in
253 1022 317 1086 hoc
340 1021 538 1107 amplissimo
561 1027 721 1106 poemate,
743 1042 849 1105 neque
872 1020 905 1085 in
920 1019 1117 1106 Paraphrasi
1139 1021 1266 1106 uspiam
1290 1023 1354 1110 sig-

196 1110 381 1181 nificatione
409 1111 578 1175 transitiva
605 1107 788 1195 praeditum
818 1109 960 1196 legatur,
990 1106 1166 1174 αίθύσσειν
1189 1118 1301 1175 autem
1324 1119 1354 1175 et

79 1215 83 1223 “
198 1200 380 1284 composita
407 1221 482 1264 cum
510 1199 714 1264 accusativus
745 1201 855 1277 σέλας,
880 1201 1061 1282 λαίλαπας,
1082 1201 1216 1281 χαίτην,
1239 1204 1350 1282 πτέρα,

197 1289 312 1352 πέδιλα
348 1289 477 1374 saepius
503 1290 618 1373 juncta
644 1288 847 1373 reperiantur
875 1285 936 1351 ΠΙ.
970 1288 1042 1352 130.
1072 1286 1114 1351 V.
1139 1287 1169 1351 2.
1192 1286 1270 1353 VII.
1301 1290 1351 1354 93.

196 1376 290 1442 VIII.
320 1378 394 1442 305.
430 1375 560 1442 XVIII.
594 1379 668 1442 260.
702 1384 764 1441 etc.
798 1375 859 1440 Eo.
893 1374 949 1440 Pa.
1007 1374 1129 1440 Nonne
1165 1372 1352 1460 αίίίύσσειν,

197 1464 285 1551 quod
308 1466 483 1549 volueram,
506 1465 648 1531 restituit
671 1462 833 1547 Graefius,
858 1461 992 1550 Orpheo
1008 1463 1230 1547 Hermannus,
1252 1464 1352 1530 idem-

196 1577 259 1640 que
286 1555 455 1641 Euripidis
491 1555 675 1641 exemplum
709 1555 743 1619 in
772 1553 913 1619 Bacchis
941 1553 1079 1618 removit
1106 1561 1229 1618 mutata
1255 1555 1353 1620 inter·

195 1644 386 1730 punctione,
416 1645 480 1710 hoc
503 1652 611 1709 autem
633 1643 707 1708 loco
731 1638 845 1727 ᾅσσειν
869 1643 983 1708 statuit
1005 1665 1071 1707 non
1094 1643 1198 1730 magis
1221 1665 1353 1709 accusa·

194 1734 297 1798 tivum
324 1738 406 1818 χέρα
435 1731 533 1799 modo
562 1732 731 1798 transitivo
761 1755 888 1819 regere,
917 1753 1014 1815 quam
1044 1733 1071 1797 si
1102 1731 1220 1797 dicitur
1246 1734 1352 1816 βαίνω

195 1819 284 1886 πόδα
306 1822 358 1887 vel
380 1824 540 1888 1111142.
565 1825 715 1904 ἐμπίπτει
738 1818 846 1902 βόσιν.
893 1819 1062 1886 Posterius
1084 1829 1165 1904 tum,
1189 1843 1290 1905 quum
1312 1819 1353 1886 ad

102 1968 105 1973 .
195 1909 286 1975 illum
304 1911 428 1975 'locum
456 1934 651 1997 pervenero,
686 1910 747 1975 erit
774 1908 1031 1988 retractandum
1066 1932 1154 1974 nunc
1184 1908 1224 1974 de
1252 1910 1352 1975 verbo

196 2001 323 2080 βαίνειν
347 1998 464 2082 dicam,
488 2023 553 2085 quo
568 1999 736 2064 Porsonus
761 2020 888 2084 quoque
911 1998 954 2062 ad
969 1995 1078 2064 Orest.
1102 1999 1123 2062 l.
1148 2020 1176 2063 c.
1201 2021 1281 2064 usus
1305 2007 1353 2064 est

198 2084 239 2150 ad
262 2084 498 2172 defendendos,
528 2110 609 2173 quos
633 2087 849 2153 Ruhnkenius
872 2087 1085 2174 impugnavit,
1108 2087 1215 2166 locos3
1244 2090 1352 2170 ocrbc,

196 2174 316 2259 inquit,
351 2198 430 2259 quac
459 2187 573 2242 motum
600 2181 801 2260 είριιλβσαιιί,
836 2186 920 2241 recte
949 2180 1163 2242 accusativum
1192 2181 1353 2242 asciscunt

197 2267 397 2329 instrumenti
426 2275 481 2331 παλ
507 2269 650 2344 membri,
686 2269 771 2350 quod
800 2269 973 2349 prcccc'puc
1008 2269 1189 2343 adhibetur,
1224 2268 1352 2345 βαίνειν

197 2349 297 2433 πόδα,
324 2358 429 2438 περᾷν
458 2351 562 2439 πόδα,
592 2378 631 2420 cc
657 2359 688 2419 si
716 2351 831 2439 ᾄσσειν
860 2349 981 2438 αύραν,
1011 2352 1121 2438 φλόγα
1151 2358 1285 2433 όίαίίιιτ,
1314 2377 1353 2419 επ

156 2445 330 2523 saporatae
361 2439 510 2528 ᾄσσομαι
539 2447 675 2527 λαίελλίμί
704 2447 810 2522 debet,
839 2446 966 2509 uerbum
989 2439 1103 2527 ᾄσσειν
1126 2466 1161 2510 re
1182 2466 1261 2509 veru
1283 2465 1353 2510 carc

197 2535 341 2596 activum.
388 2531 512 2598 Verum
536 2535 620 2600 enim
643 2557 721 2598 vero
746 2528 893 2616 ᾄσσομαι
916 2531 1058 2597 medium
1079 2540 1139 2616 est,
1161 2557 1227 2598 non
1250 2533 1353 2619 passi·

195 2643 283 2702 vum,
306 2621 356 2704 [ut
371 2619 541 2706 λύμπομαι
558 2649 589 2688 v.
606 2623 762 2689 Musaeus
780 2622 853 2686 254.
878 2621 989 2687 Nonn.
1006 2622 1143 2708 Dionys.
1160 2620 1237 2687 XL.
1264 2615 1352 2706 3842]

195 2708 323 2773 Deinde
352 2710 458 2777 minus
488 2720 581 2777 caute
609 2712 717 2778 verbis
748 2719 853 2777 motus
882 2711 970 2795 (sive
998 2711 1105 2796 potius
1129 2711 1297 2795 incessus)
1320 2712 1354 2775 in

195 2797 380 2864 universum
403 2799 534 2884 tribuit,
562 2800 651 2886 quod
673 2799 836 2886 plerisque
860 2822 971 2865 eorum
993 2823 1059 2864 non
1084 2800 1249 2879 convenit3
1279 2822 1354 2864 nam

196 2891 313 2971 ἕρπειν,
343 2894 437 2970 ίίναι,
456 2895 613 2977 στείχειν,
640 2888 798 2973 βαδίζειν,
828 2891 940 2972 οίμᾷν,
970 2891 1103 2976 φοιτᾷν,
1134 2885 1270 2971 ὁδεύειν,
1293 2912 1353 2953 πο-

196 2971 372 3058 ρεύεσθαι,
401 2976 528 3060 πηδᾷν,
564 3000 677 3043 casum
704 2977 796 3042 illum
826 3000 893 3042 non
927 2976 1124 3042 adsciscunt.
1181 2977 1353 3042 Postremo

195 3063 324 3144 βαίνειν
352 3059 440 3128 πόδα
471 3088 546 3131 cum
575 3062 689 3149 ᾅσσειν
714 3073 796 3150 χέρα
827 3065 1081 3151 comparandum
1108 3089 1173 3131 non
1201 3088 1274 3132 esse
1297 3066 1353 3131 ¹vel

196 3173 236 3214 ex
265 3173 303 3216 eo
330 3160 434 3237 patet,
462 3152 551 3237 quod
578 3154 641 3218 hoc
670 3155 769 3219 semel
796 3155 933 3242 legitur,
961 3155 1042 3220 illud
1070 3163 1178 3220 autem
1207 3154 1351 3220 inomni

196 3260 314 3326 genere
338 3261 376 3304 ac
399 3242 524 3306 ratione
548 3240 678 3308 dicendi
700 3244 1017 3331 pervulgatissimum
1038 3252 1097 3326 est,
1120 3245 1262 3330 primum
1278 3244 1354 3310 sim-

195 3326 286 3411 plex:
317 3325 368 3392 tu'
395 3323 588 3410 όλλοδαπὴν
611 3325 707 3414 οἷμον
729 3333 838 3412 ἔβαινε
861 3328 949 3397 πόδα
972 3332 1149 3399 Pancrates
1173 3339 1208 3398 tv
1230 3330 1350 3418 πρώτῳ

196 3415 426 3499 Κομχροηίδος
454 3419 567 3502 (scrib.
601 3420 830 3505 Κοσροηίδος)
859 3421 980 3489 Athen.
1014 3422 1076 3489 XI.
1101 3423 1175 3487 478.
1205 3421 1248 3485 Α.
1283 3429 1354 3486 tum

196 3504 333 3570 maxime
357 3508 552 3592 composita:
577 3504 695 3591 ἐπιβὰς
718 3509 757 3594 τῇ
778 3506 883 3599 βύρσῃ
907 3505 966 3575 τόν
988 3507 1095 3589 δεξιὸν
1110 3506 1198 3575 πόδα
1213 3506 1353 3575 Lucian.
1378 3516 1382 3520 ’

196 3591 277 3656 Tor.
302 3594 331 3678 ξ.
356 3597 408 3661 48.
433 3595 519 3661 unde
543 3594 661 3664 Suidas
686 3597 864 3679 ἐπιβαίνων
887 3599 979 3664 affert
1001 3621 1027 3666 s.
1049 3597 1120 3664 Ἐπὶ
1143 3596 1264 3684 βύρσα,
1287 3604 1355 3663 ἐπι-

195 3680 299 3762 βῆναι
322 3686 368 3767 τῷ
391 3683 552 3768 ἀριστερῷ
576 3687 699 3764 ἐκείνης
721 3680 780 3750 τόν
804 3681 883 3767 ἐμὸν
907 3684 1014 3766 δεξιόν
1036 3687 1123 3755 Dial.
1139 3687 1274 3753 Meretr.
1292 3685 1354 3754 IV.

195 3766 250 3834 fin.
280 3768 326 3854 μή
355 3770 444 3838 πόδα
474 3772 569 3839 τόνδε
600 3771 759 3857 πρόβαινε
788 3775 955 3861 Theognis
978 3800 1008 3841 v.
1033 3778 1107 3843 278.
1138 3771 1267 3858 προβὰς
1296 3771 1355 3842 τόν

196 3854 371 3951 όριστερόν
393 3858 481 3926 πόδα
504 3861 590 3927 Poll.
607 3855 649 3927 V.
673 3863 726 3928 23.
752 3861 826 3930 οὐδὲ
848 3858 907 3929 τόν
931 3870 1040 3949 ἕτερον
1064 3862 1152 3930 πόδα
1176 3870 1210 3929 ἐκ
1227 3865 1355 3946 Κορίν-

189 3950 266 4014 thou
292 3947 508 4034 προβεβηκώς
530 3951 667 4016 Lucian.
692 3949 810 4032 Quom.
834 3951 920 4019 Hist.
947 3953 975 4038 ξ.
993 3955 1045 4018 29.
1075 3952 1163 4020 πόδα
1187 3951 1355 4037 μετάβατε

194 4035 228 4100 in
257 4039 384 4104 cantico
408 4038 575 4106 Laconico
598 4040 680 4106 Luc.
704 4038 784 4106 Salt.
814 4043 845 4126 §.
871 4045 920 4106 11.
953 4038 1053 4127 ἐκβός
1083 4038 1242 4126 ἁρμάτων
1264 4039 1355 4108 πόδα

193 4123 273 4191 Eur.
305 4125 437 4195 Heracl.
463 4131 537 4195 802.
575 4129 692 4214 quibus
723 4129 839 4195 similia
865 4130 1029 4196 Porsonus
1059 4154 1098 4196 ex
1126 4128 1293 4216 Sophocle
1325 4137 1357 4196 et

193 4213 415 4303 Aristophane
444 4217 537 4284 affert
566 4220 635 4285 sine
664 4218 731 4284 ullo
762 4240 880 4286 causae
902 4242 987 4286 suae
1016 4220 1248 4300 emolumento;
1278 4243 1356 4284 nam

194 4304 322 4382 βαίνειν
350 4307 431 4373 1111111
459 4307 582 4373 nomini
611 4306 811 4395 adjungitur.
829 4319 957 4395 praeter
985 4306 1090 4391 πόδα,
1125 4304 1241 4394 ᾅσσειν
1274 4331 1354 4374 vero

195 4391 304 4458 multis
333 4397 510 4480 variisque,
539 4419 600 4462 nec
628 4398 762 4481 mirum,
787 4420 884 4482 quum
907 4400 1035 4482 βαίνειν
1058 4409 1090 4462 et
1112 4402 1195 4476 πούς
1217 4406 1354 4463 naturae
