2858 4964
196 317 248 373 118
635 308 910 377 COMMENTARIUS

70 494 73 499 ·
194 470 379 541 Brunckius
400 469 591 536 Dawesium
614 490 753 554 sequens
775 476 853 554 post
875 466 992 550 ἀγέλαι
1015 469 1110 534 colon
1133 468 1260 554 posuit,
1282 492 1352 534 ver-

196 582 333 646 sumque
360 560 543 646 proximum
573 557 685 624 addito
716 555 748 623 ‹5'
778 556 987 642 sequentibus
1015 556 1181 623 adnexuit.
1234 558 1352 645 Toupii

196 646 378 716 emendatio
402 647 444 713 ad
466 645 558 714 Suid.
583 648 623 715 Τ.
638 647 698 712 ΠΙ.
722 647 775 711 23.
799 648 1005 725 παταγοῦσιν
1029 684 1070 695 ·-
1095 644 1130 712 o‘
1157 644 1351 713 ὑποδείσαν·

196 762 247 816 τις
278 737 417 826 probata
438 736 587 802 Porsono
609 734 763 821 Append.
786 733 826 800 T.
849 734 908 800 IV.
932 736 1007 799 465.
1038 734 1097 800 sed
1118 741 1255 801 naturae
1279 758 1352 802 con·

196 828 296 893 traria
318 834 382 905 est3
406 848 482 890 nam
504 848 581 891 aves
604 825 815 909 hominesque
836 831 925 888 metu
947 824 1090 909 perculsi
1112 847 1178 889 non
1195 833 1351 911 strepunt.

196 915 359 982 Heathius
382 911 534 997 αέγυπιόν
563 911 598 995 γ’
625 913 723 979 scribi
741 912 857 999 jussit,
886 913 1082 999 Burgessius
1105 912 1204 978 Misc.
1227 937 1262 999 p.
1280 915 1351 980 386.

70 1045 75 1056 ·
197 1004 305 1070 vavati
341 1001 465 1087 aliquid
499 1002 633 1068 subesse
663 1003 857 1087 suspicatur.
910 1000 972 1088 [G.
1001 999 1222 1068 Schneiderus
1252 1009 1353 1087 μέγαν

199 1092 358 1175 αἰγυπιῶν
385 1090 513 1173 scribit,
542 1090 774 1156 Lachmannus
798 1089 839 1154 de
862 1086 950 1176 Syst.
974 1114 1007 1176 p.
1025 1092 1077 1156 28.
1106 1099 1181 1176 post
1204 1087 1353 1174 αἰγνπιόν

198 1181 295 1269 plene
322 1178 552 1266 interpungit.]
582 1179 643 1245 En.
668 1179 723 1244 Pn.
769 1179 864 1244 Haec
888 1179 995 1244 omnia
1012 1182 1081 1266 jam
1103 1178 1260 1245 derelicta
1283 1188 1353 1245 sunt

198 1277 329 1357 praeter
343 1268 489 1334 Dawesii
512 1268 756 1350 correctionem,
779 1291 876 1352 quarn
890 1267 1098 1334 Hermannus
1120 1276 1280 1353 sequutus
1298 1278 1353 1350 est,

200 1379 327 1446 egoque
355 1359 466 1443 recepi
492 1357 551 1423 sed
573 1365 697 1423 mutata
718 1357 994 1442 interpunctioue;
1024 1380 1100 1422 nam
1123 1359 1352 1423 sententiarum

200 1447 299 1513 series
328 1445 409 1510 haec
438 1468 508 1514 esse
535 1446 679 1528 videtur,
709 1469 806 1531 quam
834 1445 1010 1511 Triclinius
1027 1446 1211 1512 indicavit:
1244 1450 1354 1513 Graeci

201 1546 231 1600 te
259 1537 456 1601 sermonibus
486 1537 636 1620 differunt
665 1560 694 1600 v.
720 1537 810 1618 164,
840 1555 937 1618 neque
960 1557 1019 1601 nos
1042 1540 1111 1601 stne
1135 1545 1164 1600 te
1188 1539 1248 1602 boc
1272 1559 1353 1602 coer-

202 1647 271 1690 cere
296 1645 483 1707 possamus,
513 1628 648 1708 v.166.,
679 1629 710 1690 st
732 1635 836 1691 tomen
859 1628 1024 1706 derepente
1044 1629 1213 1707 prodires,
1239 1629 1352 1702 timide,

200 1718 286 1779 verat
313 1724 483 1797 conspecto
512 1718 635 1780 culture
658 1736 752 1797 coes,
780 1716 1028 1780 obmutescerent
1050 1718 1104 1796 qni
1125 1736 1207 1780 nunc
1230 1717 1355 1780 absente

202 1813 232 1868 te
254 1807 486 1886 vociferantur,
510 1797 596 1867 ἄλλοί
619 1801 776 1882 πτήξειαν
799 1798 853 1886 ab,
876 1808 903 1867 et
926 1797 968 1867 od
990 1810 1139 1893 φανείης,
1163 1808 1194 1868 οὶ
1217 1806 1278 1868 νῦν
1295 1807 1354 1868 θο-

201 1893 378 1977 ρυβοῦντες
400 1895 462 1957 σοῦ
484 1889 639 1969 ἀπόντος.
686 1891 762 1957 Ηοο
784 1901 985 1976 postremum
1008 1887 1077 1976 (ὅτε
1100 1887 1164 1976 γὰρ
1189 1886 1229 1970 δὴ
1246 1887 1284 1956 τὸ
1300 1886 1365 1975 σὸν

146 1996 190 2042 143
204 1976 287 2062 ὄμμ’
308 1977 471 2066 ἀπέὁραν)
499 2001 600 2063 quum
622 1988 718 2066 poeta
740 1980 1007 2066 interposuisset,
1038 1980 1148 2045 intulit
1169 1980 1358 2066 particulam

203 2070 238 2133 δέ
260 2067 313 2132 vel
335 2067 378 2132 ad
400 2067 651 2134 redordiendum
674 2067 771 2152 ἄλλοί,
794 2070 845 2135 vel
869 2070 910 2135 ob
926 2070 1150 2154 interpositum
1165 2072 1358 2153 παταγοῦσι.

291 2154 334 2220 V.
358 2158 429 2221 170.
487 2153 567 2243 Τοίχ’
589 2152 631 2221 civ
654 2156 812 2246 ἐξαίφνης
835 2199 877 2210 -
900 2157 1174 2245 Wyttcnbachius
1197 2157 1266 2223 sive
1289 2157 1359 2242 quis

203 2245 286 2311 alius
307 2244 343 2309 in
364 2243 450 2310 Bibl.
473 2242 554 2310 Orit.
579 2243 622 2310 ΙΙ.
646 2245 685 2314 Ρ.
707 2246 750 2312 Π.
775 2248 827 2312 42.
852 2243 938 2333 τοίχα
961 2245 996 2312 δ’
1019 2286 1058 2298 -
1084 2246 1225 2312 correxit
1249 2254 1361 2312 contra

204 2333 406 2401 sententiam.
451 2333 659 2400 Hermannus
681 2344 758 2421 post
780 2333 939 2428 ἐξαίφνης
961 2358 1087 2402 comma
1108 2335 1219 2421 posuit
1242 2343 1279 2399 ut
1298 2335 1360 2400 hoc

205 2445 280 2489 cum
312 2418 469 2503 πτήξειαν
500 2426 732 2511 conjungatur3
769 2425 846 2509 quin
878 2447 952 2490 cum
981 2429 1008 2489 at
1037 2427 1177 2515 φανείης
1206 2424 1361 2511 conjungi

203 2510 323 2599 possit,
353 2510 494 2576 dubitari
522 2530 587 2577 non
615 2513 737 2598 patitur
764 2514 976 2600 Hippocratis
1003 2512 1095 2578 locus
1124 2512 1306 2579 simillimus
1328 2514 1361 2578 in

186 2600 308 2687 Epist.
332 2599 375 2665 ad
395 2599 525 2687 Philop.
549 2603 588 2667 T.
604 2602 631 2670 Ι.
654 2626 687 2688 p.
706 2606 756 2668 14.
781 2607 944 2686 ὁμοῖος-
962 2604 1188 2686 θορυβοῦντες
1209 2603 1266 2667 καὶ
1282 2625 1361 2668 στα-

205 2686 382 2772 σιάζοντες,
406 2686 529 2756 ὁκόταν
552 2690 747 2770 ἐξαπιναίως
769 2691 791 2775 ἡ
816 2693 972 2758 δέσποινα
988 2689 1101 2767 αὐτοῖς
1116 2694 1239 2781 ἐπιστῇ,
1262 2714 1362 2770 πτοη-

204 2781 323 2854 θέντες
345 2774 605 2867 ἄφησνχοίζονσι.
756 2836 759 2842 .

275 2865 336 2934 ·V.
361 2869 434 2932 171.
491 2868 583 2960 Σιγῇ
609 2866 766 2949 πτήξειαν
794 2863 935 2957 ἄφωνοι.
985 2866 1146 2932 Pindarus
1175 2867 1273 2952 Pyth.
1302 2866 1361 2931 IV.

207 2958 279 3022 101.
293 2959 414 3039 -σιιοπᾷ
437 2955 581 3036 ἐπταξαν
601 2955 765 3039 ἀκίνητοι,
789 2979 852 3042 quo
875 2956 1034 3022 refutatur
1049 2954 1260 3023 Wakefieldii
1275 2977 1365 3020 com·

204 3052 349 3110 mentum
371 3041 450 3109 Silv.
475 3044 514 3110 Τ.
530 3045 591 3110 ΠΙ.
616 3045 668 3110 25.
701 3048 800 3137 φρίκη
823 3042 989 3125 πτήξειοιν.
1017 3045 1077 3112 Eu.
1101 3044 1171 3109 Pa·
1203 3045 1243 3109 In
1265 3067 1365 3110 versu

204 3140 320 3219 poetae
342 3131 438 3216 lyrici
457 3155 509 3220 ap.
526 3133 705 3199 Herodian.
722 3158 755 3198 π.
771 3158 845 3218 μον.
862 3136 890 3199 λ.
913 3157 946 3220 p.
964 3136 1017 3216 23,
1036 3136 1085 3198 10.
1111 3131 1248 3219 ὄρνιθες
1265 3130 1365 3198 ἀετὸν

205 3215 395 3372 ἐξοέπτησαν
418 3226 582 3310 φανέντα,
610 3223 817 3289 ¹scribendum
839 3223 968 3288 videtur
997 3220 1192 3305 ἐξέπταξαν,
1223 3232 1366 3288 conster-

205 3329 248 3374 nc
263 3329 302 3373 ue
324 3318 407 3371 sunt.

293 3394 429 3481 V.175.
470 3387 522 3462 'H
545 3394 590 3484 ῥοί
613 3420 649 3464 σε
678 3397 877 3486 Τανροπόλοι
901 3395 982 3476 Διὸς
1002 3394 1157 3483 Ἄρτεμις.
1207 3399 1262 3465 De
1284 3399 1364 3465 Dia·

205 3505 267 3550 nae
290 3483 486 3551 solemnibus
508 3486 657 3553 fanaticis
680 3489 783 3553 multa
805 3488 872 3554 dixi
894 3488 928 3552 in
950 3487 1111 3575 Aglaoph.
1132 3483 1168 3573 p.
1187 3490 1282 3554 1089.
1306 3489 1363 3553 im-

205 3573 384 3658 primisque
406 3573 506 3658 illam,
530 3582 617 3660 quae
637 3577 796 3642 Tauricae
820 3585 853 3643 et
874 3574 1287 3664 Tauropolaesoognom'en
1309 3577 1363 3642 ha·

205 3661 278 3745 bet,
307 3660 535 3728 bacchantium
561 3665 625 3751 ritu
676 3667 861 3751 ropitiatam
890 3688 961 3731 esse
992 3665 1210 3730 demonstravi
1233 3689 1265 3751 p.
1291 3667 1361 3731 290.

206 3772 254 3836 sq.
277 3750 364 3816 unde
387 3762 533 3838 apparet,
556 3775 615 3818 cur
638 3689 678 3820 ab
702 3777 740 3819 ea
762 3753 967 3840 potissimum
988 3754 1051 3819 hoc
1066 3753 1140 3819 loco
1154 3754 1275 3820 tirroris
1292 3777 1363 3819 cau-

206 3862 242 3906 sa
271 3847 447 3928 repetatur.
500 3842 539 3907 In
561 3843 736 3928 procedosi
759 3852 877 3926 autem,
900 3866 941 3908 ne
965 3843 1038 3928 quis
1061 3865 1101 3907 ex
1123 3843 1203 3907 Eur.
1227 3843 1301 3932 Iph.
1326 3843 1362 3908 T.

208 3931 303 3996 1457.
360 3923 575 4013 Τανρόπολος
602 3931 667 3998 huc
695 3933 845 4015 inferret,
875 3932 1074 3997 femininum
1094 3953 1160 3995 non
1183 3928 1291 3997 solum
1312 3955 1364 3998 vc·

204 4027 311 4085 terum
325 4017 648 4105 Lexioographorum
671 4022 863 4087 auctoritate
887 4020 1085 4102 confirmavi,
1109 4019 1289 4086 sedetiam
1305 4020 1365 4085 alia

207 4107 341 4176 dearum
372 4107 515 4194 epitheta
544 4109 676 4175 mobilia
704 4111 814 4194 attuli,
850 4110 970 4196 partim
989 4133 1019 4174 a
1046 4109 1177 4174 nomine
1205 4120 1239 4174 et
1265 4108 1365 4175 verbo

207 4197 390 4285 composita
436 4193 601 4282 Ἠριπόλη
622 4200 649 4284 ¹)
691 4197 892 4290 Γοργοφόνη
928 4197 1139 4284 (Aristoph.>
1183 4195 1365 4288 Θηροφόνη

281 4391 304 4477 1)
321 4388 470 4449 mamonae
484 4413 531 4464 pro
551 4399 709 4450 substantivo
729 4413 785 4450 esse
804 4400 916 4451 declarat
934 4405 1054 4450 accentus
1073 4413 1095 4449 v.
1114 4398 1146 4449 ad
1159 4398 1253 4464 Phryn.
1267 4415 1293 4465 p.
1308 4396 1366 4450 126.
