2874 4972
417 343 463 398 1ο
483 341 580 399 soen.
600 341 644 397 n.
681 343 870 400 uso-roa
925 371 928 378 «
1190 340 1224 400 ιο

59 495 510 678 1115001161
529 499 1042 675 trttrtttutr
1067 500 1224 670 κίκι

343 639 350 656 .
443 639 452 655 .
494 639 501 656 .
595 640 601 655 .
1014 620 1045 659 τι
1099 620 1108 673 l
1214 619 1225 658 ι

67 681 269 766 εὑρίσκομεν,
298 680 340 758 ὡς
369 676 461 766 παρὰ
484 681 660 770 Σοφοκλεῖ
688 674 747 745 τὸν
775 684 836 747 σὸν
867 680 1026 763 ένστοίτην
1050 689 1111 747 etc.
1143 704 1225 767 quae

65 773 137 857 ipsa
164 770 265 834 verba
292 769 381 856 apud
404 770 564 835 Zonaram
592 770 746 857 leguntur
769 792 794 834 s
817 767 960 855 ’θμοκλή
982 794 1016 857 p.
1043 773 1137 837 1448.
1170 769 1226 835 ubi

65 859 126 943 tyci
156 860 178 924 ὃ
184 857 189 878 ¹
218 857 352 924 editum.
403 859 443 924 In
472 858 586 924 eadem
616 859 734 924 senarii
764 857 841 924 sede
868 858 948 923 Eur.
978 859 1124 925 Phoenn.
1150 861 1224 925 927.

66 944 192 1037 σφάξαι
218 950 385 1013 Μενοικέα
409 947 515 1032 τόνδε,
544 947 644 1014 Rhes.
671 942 752 1013 977.
770 945 871 1012 ἔπειτ’
900 947 1047 1032 Ἀχιλλέα
1075 951 1224 1026 Θέτιδος;

66 1035 126 1103 sed
153 1036 197 1102 ib.
220 1060 251 1102 v.
269 1039 344 1103 710.
372 1036 507 1117 Ὀδυσσῆ
536 1037 705 1120 scribitur,
737 1059 788 1123 ap.
813 1037 978 1123 Lycophr.
1006 1037 1100 1103 1038.
1125 1039 1226 1125 φονῆ,

65 1133 111 1192 ut.
129 1147 266 1214 graecus
294 1127 340 1191 ait
365 1125 541 1212 interpres,
569 1121 655 1192 κατὰ
678 1132 865 1208 σοναίρεσιν
888 1123 1072 1211 ἀττικήνῑ),
1101 1127 1227 1209 βασιλῆ

64 1214 145 1280 Eur.
169 1215 306 1280 Phaeth.
328 1216 384 1281 Fr.
408 1215 451 1282 V.
469 1218 520 1281 24.
544 1218 660 1300 βραβῆ
676 1213 896 1282 Schneiderus
920 1215 953 1279 in
969 1215 1082 1302 Epigr.
1098 1214 1225 1280 Ἀδεσιτ.

65 1301 280 1370 DCXXVII.
304 1327 366 1391 pro
386 1302 521 1390 βροίβην
544 1305 658 1392 ταρσοὶ
676 1305 786 1391 jubet3
811 1327 828 1368 e
850 1305 958 1369 vicino
975 1328 1093 1391 genere
1104 1302 1227 1368 addam
1277 1381 1280 1387 Ι

64 1393 269 1479 trisyllabum
292 1397 465 1479 ὃημεχθέα
489 1391 684 1459 Callimachi
700 1392 827 1458 Anecd.
851 1416 884 1479 p.
904 1395 999 1459 1188.
1024 1402 1057 1459 et
1080 1391 1226 1474 ἀκρατέα

66 1482 168 1563 νηδὺν
191 1485 272 1570 έχων
294 1483 328 1548 in
351 1483 441 1548 exitu
464 1483 582 1548 senarii
604 1482 726 1547 Athen.
750 1481 831 1546 XV.
855 1483 929 1547 686.
954 1482 996 1553 Α.
1041 1483 1102 1546 Ilo.
1126 1482 1184 1546 Pr.

65 1660 95 1725 Π
128 1571 291 1725 17107.
347 1574 436 1660 Πρὶν
465 1567 508 1636 σίν
536 1574 568 1635 τί
596 1568 720 1661 δράσῃς
743 1609 785 1619 -
810 1568 902 1634 affert
924 1569 1162 1656 Moschopulus
1187 1568 1228 1635 ad

7 1752 9 1755 ’
157 1683 294 1816 177108.
347 1750 466 1824 [ledele
494 1744 576 1829 πρὸς
605 1745 687 1814 κίον’
715 1752 840 1834 ἑρκείου
864 1751 987 1831 στέγης.
1033 1747 1134 1812 Ηοοο
1157 1770 1229 1813 ver·

69 1860 141 1904 sum
169 1846 203 1902 et
233 1839 307 1903 110.
326 1836 431 1903 affert
452 1834 572 1904 Suidas
602 1858 627 1902 s.
649 1834 807 1918 Ἑρκεῖος,
838 1836 924 1902 unde
953 1836 1035 1901 haec
1065 1837 1230 1924 scriptura

67 1949 128 2012 pro
158 1926 291 2014 vulgata
319 1929 444 2012 ἑρκίον,
474 1948 571 2010 quam
595 1923 637 1991 G.
658 1922 882 1992 ‘Schneiderus
906 1924 1068 2009 defendit,
1096 1934 1229 1991 auctore

67 2015 225 2102 Elmslejo
249 2023 383 2100 recepta
406 2023 463 2080 est.
511 2012 728 2080 scholiastes:
752 2012 835 2101 πρὸς
858 2009 917 2080 τὸν
938 2019 1035 2080 κίονα
1058 2018 1117 2081 τοῦ
1140 2037 1229 2095 πορι-

67 2101 265 2194 φροίγματος
287 2106 347 2184 τῆς
370 2101 473 2184 αὐλῆς
495 2097 517 2184 ἢ
539 2106 598 2184 τῆς
621 2106 680 2170 τοῦ
703 2100 854 2184 δώματος
870 2108 1001 2187 στέγης·
1025 2110 1132 2190 έρκιον
1148 2104 1227 2189 (sio)

71 2187 136 2278 γοίρ
165 2188 204 2259 τὸ
233 2194 337 2276 δῶμα.
388 2191 630 2277 Moschopulus
653 2189 771 2259 Sched.
797 2217 829 2279 p.
849 2195 920 2259 101.
946 2195 1055 2274 ἑρκίον
1077 2189 1115 2258 τὸ
1139 2196 1229 2278 περί-

70 2278 944 2458 tt'tilt5.t‘3⁰⁰·³t'{t⁰lt¹⁴ttll.ibiibi·
960 2279 1230 2457 13313113ίῖ

70 2482 168 2546 qnam
196 2460 355 2526 similibus
386 2463 522 2544 τειχίον,
551 2461 672 2546 ίχνιον,
695 2460 808 2542 ίκριον.
854 2460 951 2526 Patet
973 2460 1074 2546 igitur
1096 2458 1229 2546 adjecti·

69 2572 147 2615 vum
176 2572 265 2632 esse,
294 2547 382 2634 quod
412 2548 604 2634 plerumque
633 2571 692 2635 per
722 2549 862 2634 simplex
888 2551 956 2614 iota
985 2548 1139 2614 scribitur
1164 2571 1230 2612 non

70 2640 176 2704 solum
198 2638 286 2724 apud
309 2638 473 2725 Tragicos·
492 2637 550 2703 scd
574 2637 652 2703 olibi
675 2659 804 2723 quoque
827 2662 858 2703 v.
881 2639 1020 2724 Dionys.
1044 2637 1181 2721 Antiqq.
1201 2636 1229 2700 I.

71 2750 101 2792 c.
125 2731 177 2793 67.
202 2727 244 2792 de
265 2727 424 2793 Dinarch.
448 2750 477 2795 c.
500 2725 561 2794 IV.
585 2726 737 2792 Philostr.
760 2726 887 2814 Imagg.
910 2725 954 2793 Il.
980 2728 1034 2808 22,
1050 2727 1125 2793 848.
1150 2723 1231 2790 Cor-

70 2825 138 2882 nut.
169 2815 209 2881 de
239 2816 284 2884 N.
312 2817 356 2881 D.
386 2838 414 2882 c.
444 2818 481 2897 9,
513 2817 586 2880 150.
620 2814 704 2880 Poll.
725 2814 820 2879 VIII.
849 2819 901 2881 87.
935 2813 1065 2882 Anecd.
1097 2838 1130 2900 p.
1155 2816 1229 2879 256.

70 2903 180 2971 Schol.
209 2903 294 2971 Ven.
323 2903 403 2971 XII.
435 2904 487 2969 63.
518 2903 627 2990 Etym.
657 2903 706 2969 M.
737 2904 811 2969 375.
849 2903 985 2969 Maxim.
1014 2927 1045 2968 v.
1071 2903 1146 2970 325.
1174 2901 1287 2970 ubine

69 2997 130 3081 pro
146 2992 276 3081 Ἕρκίοο
300 2992 341 3060 οὐ
361 3000 449 3058 recte
473 2991 687 3058 emendarunt
698 2990 855 3076 Ἑρκείου,
878 2991 1055 3077 eademque
1072 2992 1231 3058 correctio
1320 3038 1326 3043 -

70 3104 175 3169 nuper
203 3082 314 3148 multis
342 3082 414 3148 aliis
440 3081 521 3148 locis
544 3080 691 3147 adhiberi
714 3090 831 3167 coepta
853 3091 913 3165 est,
937 3082 1055 3168 partim
1080 3080 1232 3147 codicum

71 3171 279 3250 auctoritate,
308 3171 428 3257 partim
450 3169 545 3237 metri
567 3193 681 3254 causa,
704 3169 795 3255 quod
817 3171 951 3237 alteram
973 3171 1111 3237 formam
1133 3192 1231 3257 saepe
1298 3236 1307 3247 ,

71 3260 223 3347 repudiat
251 3268 289 3326 ut
311 3260 421 3328 Tzetz.
444 3259 560 3325 Posth.
585 3262 660 3326 733.
690 3282 857 3345 nunquam
881 3261 991 3348 exigit.
1042 3258 1109 3327 Sed
1132 3282 1232 3344 quum

71 3357 105 3414 et
137 3349 185 3414 illi
219 3348 308 3414 haud
341 3372 414 3415 raro
442 3349 601 3414 fluctuent
630 3357 661 3415 et
691 3372 730 3414 ex
760 3352 820 3433 eo,
850 3349 939 3434 quod
967 3358 1084 3435 poetae
1112 3347 1232 3414 alicubi

70 3436 167 3504 metri
198 3459 298 3504 causa
320 3438 484 3521 fecerunt,
513 3462 579 3504 non
601 3437 707 3524 possit
725 3438 879 3524 judicari,
903 3438 983 3524 quid
1005 3437 1067 3503 hac
1090 3436 1232 3503 necessi-

71 3535 140 3594 tate
164 3526 262 3594 soluti
284 3528 432 3610 fecerint,
456 3535 677 3613 opportunum
699 3527 827 3592 videtur
849 3527 946 3614 hujus
969 3526 1112 3592 universi
1134 3549 1232 3613 gene-

70 3617 134 3698 riS,
167 3616 203 3680 in
237 3638 301 3701 quo
330 3616 456 3683 librarii
484 3616 659 3701 plurimum
687 3615 856 3694 vacillant,
886 3617 1028 3682 rationes
1058 3616 1230 3702 explicare.

71 3705 218 3771 Primum
250 3726 290 3770 ex
318 3705 427 3794 Etym.
457 3702 546 3772 (iud.
570 3728 603 3791 p.
620 3706 674 3788 43,
699 3707 750 3772 22.
781 3701 823 3771 roi
854 3701 908 3769 dcci
938 3707 998 3771 τοῦ
1019 3709 1069 3781 io}
1096 3698 1231 3785 κτητικοί

72 3789 142 3859 ἀπὸ
166 3789 387 3878 πρωτοτύαων
411 3799 455 3871 τίς
477 3799 514 3870 o}
537 3799 615 3871 (scr.
640 3799 683 3870 είς
706 3794 777 3878 foc)
793 3790 960 3878 γινόμενα,
984 3799 1011 3860 el
1021 3789 1232 3947 φυλάττουσι

71 3877 111 3949 τὸ
133 3881 210 3968 5²),
233 3876 287 3948 ὂιοὶ
311 3879 506 3971 διφθόγγον
527 3879 700 3973 γράφεται,
723 3879 991 3970 Ἀρχεστράτοιος,
1040 3876 1231 3968 Ῑαλλιστροί-

148 4060 173 4126 1)
191 4065 309 4116 nauus
334 4065 447 4116 samm.
466 4065 496 4116 ι..
515 4065 562 4116 m.
586 4064 637 4114 m.
655 4064 686 4114 n.
710 4064 754 4114 ror.
774 4064 798 4115 ο.
828 4058 907 4128 συνῆ,
932 4057 1045 4127 ’Apula
1071 4061 1143 4131 φοοῆ
1162 4085 1196 4096 -
1216 4058 1232 4110 ο

72 4136 176 4188 Κέκκοτ
198 4137 266 4204 φησὶ
286 4126 358 4186 κατὰ
381 4137 535 4205 σνναίροσιν
557 4124 674 4198 ἀττικὴν
696 4135 837 4202 γενέσθαι.
878 4137 1030 4187 Maittairius
1053 4135 1120 4185 Dial.
1144 4149 1169 4197 p.
1190 4131 1231 4183 36.

75 4208 143 4272 quir,
167 4208 262 4273 inquit,
285 4208 328 4259 ille
348 4202 548 4270 ἀποτίσεαι,
571 4207 659 4258 nescio.
700 4208 747 4257 Est
765 4208 870 4258 Taetzes
895 4209 1051 4272 ipsissimus,
1077 4207 1121 4270 qui
1139 4219 1233 4254 nomen

74 4294 149 4331 sunm
166 4281 204 4330 itu
221 4280 316 4332 scribit.
334 4280 420 4332 Κίιιοτ
439 4279 525 4331 Schol.
544 4280 607 4344 Lyo.
622 4279 681 4329 727.
711 4279 796 4329 Latini
818 4277 920 4330 Caecum
937 4287 1030 4330 vocant
1046 4293 1070 4326 v.
1089 4278 1133 4326 Du
1151 4275 1232 4340 (ἔτος.
1343 4292 1352 4301 -

149 4361 173 4426 ²)
193 4366 336 4432 stephanus
355 4359 486 4448 Βὴρνῖοο,
507 4358 648 4450 Βηρύτιονι,
668 4358 707 4447 οἷςΙ
722 4356 860 4426 Ἀζώτιοι.
892 4351 1126 4446 σοσημρίοντοιιφὸ
1144 4355 1233 4427 Μιλή-

73 4451 132 4490 σιος
154 4437 186 4487 έν
208 4441 268 4491 τοῖο
291 4441 415 4491 τοπικοῖς
433 4454 478 4488 οτι
496 4437 603 4508 &paup
622 4453 660 4490 οντ
678 4450 712 4487 το
732 4430 885 4490 Θεοδόσιος.
913 4453 947 4486 το
965 4450 1018 4504 γορ
1036 4427 1169 4487 &rodowe
1186 4435 1232 4485 καὶ
