2858 4964
90 359 99 365 ,
149 344 151 352 .
196 302 232 358 88
637 293 913 358 COMMENTARIUS

196 459 235 524 B.
253 455 291 523 O.
326 452 450 521 Eadem
464 461 574 519 tamen
590 460 641 519 est
654 451 821 540 symploce
841 450 875 516 in
891 448 1078 532 δοςξύνετος
1093 451 1241 519 Phoenn.
1261 455 1353 520 1510.

198 556 231 613 et
253 544 422 628 similibus,
445 565 507 608 nec
528 551 673 608 mutatur
694 544 754 624 τῆς
776 536 948 626 ξυμμάχον
969 566 999 607 v.
1024 543 1077 607 90.

285 633 327 699 V.
345 636 398 699 68.
447 634 544 713 Μηδὲ
574 627 752 721 σομιρορολν
781 634 877 713 δέχου
899 669 941 709 ··,
963 631 1044 696 haec
1074 627 1128 694 διὰ
1156 635 1274 711 μέσον,
1305 653 1354 697 co

197 724 332 789 haerent
359 725 457 806 μίμνε
487 715 545 786 τὸν
569 715 687 804 ἄνδρα.
714 718 856 784 Εο.«Ριι.
902 718 978 784 Ηοο
1008 719 1126 805 probat
1148 717 1354 803 Schaeferus,

196 812 406 878 Hermannus
429 809 608 895 improbat3
631 807 752 895 pendet
775 807 874 874 animi
896 805 1107 874 Scholiastes.

276 900 327 965 ⁴V.
346 901 398 966 70.
445 895 524 978 Σὴν
546 896 711 986 πρόςοψιν
734 898 869 973 ελςιὸεῖν.
904 894 1033 963 ‘Suidas
1051 899 1146 980 Πρός
1163 890 1253 984 ὄψιν,
1276 893 1354 980 πρὸς

197 991 356 1070 θεωρίαν,
380 988 576 1079 Σοφοκλῆς,
599 985 688 1071 quod
710 1008 828 1051 nomen
850 985 913 1050 nisi
935 985 976 1051 ad
1000 985 1252 1070 subsequentem
1282 987 1354 1052 arti-

142 1092 185 1139 106
199 1077 308 1144 culum
336 1077 493 1162 pertinet,
522 1075 576 1141 ille
604 1076 666 1141 hoc
695 1075 769 1140 loco
794 1075 888 1159 (nam
911 1074 988 1139 alibi
1011 1098 1076 1139 non
1103 1075 1257 1162 legitur)
1276 1070 1354 1158 πρὸς

199 1161 278 1252 ὅιμιν
301 1166 421 1252 legisse
443 1164 587 1244 videtur3
610 1157 859 1249 Phocus’bqw
875 1161 915 1228 ori
939 1162 975 1229 τὸ
1000 1159 1173 1247 πρόςωπον
1189 1161 1265 1229 οὐδὲ
1281 1169 1355 1240 τους

199 1253 217 1319 ὀ
249 1250 402 1331 θαλμούς
423 1248 510 1318 ἀλλὰ
532 1249 594 1333 τὴν
616 1250 791 1341 πρόςοψιν.
808 1289 850 1300 -
866 1253 1008 1328 Eleous
1024 1247 1106 1335 πρὸς
1129 1247 1210 1342 ὅψιν
1225 1261 1263 1316 ut
1278 1251 1353 1317 Eur.

197 1280 301 1430 liipp.
319 1345 392 1408 872.
416 1337 499 1422 πρὸς
521 1340 585 1427 γάρ
609 1366 698 1418 τινος
721 1335 838 1406 οἰωνὸν
862 1343 974 1426 ελςορῶ
996 1343 1109 1423 κοινοῦ,
1138 1339 1226 1425 quod
1241 1341 1355 1428 injuria

199 1432 400 1497 sollicitatur.
432 1430 609 1518 Vulgatam
623 1430 796 1495 lectionem
809 1437 918 1494 tamen
935 1430 1104 1494 confirmat
1117 1429 1196 1494 Eur.
1208 1429 1354 1498 Phoenn.

202 1522 296 1586 1353.
332 1523 444 1604 εὶςορῶ
470 1516 634 1606 πρόςοψιν
658 1517 815 1603 ἀγγέλου,
839 1541 1024 1603 quanquam
1047 1519 1184 1604 simplex
1207 1519 1355 1585 usitatius

199 1617 257 1691 est,
281 1607 337 1674 τίν’
357 1604 437 1695 ὄψιν
460 1603 524 1691 σὴν
539 1610 780 1693 προςὸἐρκομοι
795 1606 871 1673 Hel.
890 1610 964 1673 554.
996 1610 1064 1672 ἐπεὶ
1079 1607 1139 1686 τὴν
1159 1602 1239 1699 dapar
1256 1607 1355 1674 αὐτοῦ

199 1693 261 1782 εἶδε
290 1697 376 1762 Plut.
406 1695 448 1762 V.
479 1697 593 1782 Pelop.
622 1718 649 1762 c.
673 1696 792 1762 XXX.
840 1695 898 1783 οὐχ
926 1695 1075 1780 ὑπέμεινε
1103 1699 1269 1782 προςιδεῖν
1299 1692 1380 1779 τὴν.

199 1783 279 1875 ὅιμιν
303 1784 405 1852 αὑτοῦ
427 1784 470 1852 V.
495 1785 613 1852 Timol.
637 1807 664 1850 c.
688 1784 731 1852 V.

286 1872 329 1939 V.
353 1877 405 1940 71.
428 1874 481 1939 72.
533 1869 600 1939 Τὸν
629 1879 689 1950 τοὶς
716 1874 962 1958 αἰχμαλωτίδας
980 1876 1081 1958 χέρας
1104 1874 1236 1954 δεσμοῖς
1260 1871 1356 1940 ἄνευ·

199 1959 360 2028 θύνονεο.
405 1961 464 2028 La.
488 1962 550 2029 Lb.
574 1962 668 2027 Harl.
715 1959 959 2048 αἰχμαλώτιδας
981 1971 1280 2050 proparoxytonon,
1303 1965 1356 2048 qui

199 2073 266 2116 non
288 2051 440 2117 fortuitus
462 2051 593 2117 videtur
615 2074 720 2134 error,
748 2074 824 2116 nam
850 2051 1013 2117 invenitur
1035 2052 1164 2138 saepius
1186 2053 1232 2117 ita
1256 2054 1360 2139 scrip-'

199 2149 269 2205 tum
296 2139 376 2204 Eur.
399 2140 483 2206 Hec.
504 2143 598 2207 1096.
652 2140 875 2226 (Hermannus
902 2141 1000 2206 tacite
1025 2142 1166 2206 correxit
1187 2167 1218 2206 v.
1246 2143 1356 2226 1067.)

199 2228 366 2293 Plutarch.
391 2227 431 2292 de
454 2229 544 2294 Fort.
568 2229 664 2294 Alex.
691 2252 717 2294 c.
742 2228 822 2294 XII.
848 2227 973 2294 Conon.
990 2229 1086 2296 XHI.
1111 2229 1210 2296 Diod.
1226 2230 1287 2296 ΠΙ.
1305 2233 1356 2295 54.

200 2316 263 2382 XI.
289 2319 340 2381 61.
364 2316 477 2383 XVII.
502 2319 554 2383 37.
579 2326 612 2383 et
635 2321 686 2383 66.
712 2340 794 2403 quos
816 2318 908 2384 locos
924 2317 1009 2384 Lud.
1027 2318 1216 2384 Dindorfius
1240 2320 1358 2404 partim

201 2406 352 2488 correxit,
376 2407 494 2492 partim
515 2407 710 2490 transmisit,
740 2406 798 2472 sed
822 2416 913 2474 ortus
938 2431 978 2472 ex
1000 2407 1108 2472 fallaci
1130 2408 1281 2496 analogia
1302 2432 1358 2474 vo·

202 2493 391 2560 cabulorum
421 2495 566 2561 similiter
594 2496 840 2561 terminatorum
867 2494 1058 2579 ἠπειρῶτις,
1087 2496 1269 2583 ἡλικιῶτις,
1294 2522 1358 2565 πα·

200 2585 338 2666 τριῶτις,
363 2585 554 2667 στρασιῶτις
578 2593 639 2650 etc.
664 2608 802 2669 quorum
825 2586 1010 2670 exemplum
1033 2595 1223 2670 sequuntur,
1247 2608 1359 2670 quam·

199 2672 249 2737 vis
277 2672 456 2739 masculino
486 2673 651 2755 destituta,
679 2676 847 2761 βορεῶτις,
875 2671 1008 2756 εὐιῶεις,
1032 2678 1211 2759 cooptatus,
1233 2699 1358 2758 μυστη-

200 2763 316 2843 ριῶεις.
363 2759 535 2828 Contrario
559 2785 667 2828 errore
690 2765 879 2843 νησιωτίιλες
902 2763 1055 2828 scribitur
1081 2764 1115 2828 in
1138 2762 1274 2850 Scymni
1296 2763 1359 2830 Pe·

199 2849 277 2937 rieg.
307 2875 337 2917 v.
363 2852 437 2918 547.
473 2851 532 2918 sed
561 2860 649 2917 recte
676 2851 814 2918 fortasse
843 2855 966 2928 εἱλωτίς
992 2851 1157 2918 Plutarch.
1181 2852 1224 2918 V.
1255 2854 1358 2940 Ages.

199 2937 259 3003 ΠΙ.
283 2961 335 3024 ap.
361 2937 452 3005 Suid.
477 2963 503 3006 s.
528 2965 558 3006 v.
583 2948 616 3005 et
631 2938 743 3025 Steph.
768 2963 794 3006 s.
814 2937 918 3022 Ἕλος,
941 2963 1046 3025 neque
1063 2942 1146 3007 enim
1162 2939 1358 3008 Schaeferus

200 3025 242 3089 ad
265 3027 349 3091 Plut.
374 3028 394 3095 l.
419 3051 446 3093 c.
471 3028 704 3095 demonstravit
727 3051 785 3094 cur
808 3029 848 3094 ab
872 3032 981 3106 Εἴλως
1004 3039 1060 3096 aut
1081 3030 1272 3101 femininum
1288 3032 1359 3097 nul-

199 3113 267 3178 lum
288 3117 464 3203 propagari
486 3127 542 3183 aut
564 3119 626 3184 hoc
651 3122 811 3204 oxytonbs
833 3117 931 3183 scribi
947 3142 1013 3183 non
1030 3118 1156 3202 debeat,
1180 3119 1359 3205 eodemque

201 3209 342 3267 accentu
361 3213 410 3268 est
429 3204 596 3289 Ἑλλωτλς,
629 3207 682 3271 cui
704 3206 791 3274 idem
813 3208 1010 3293 principium
1032 3211 1116 3273 ἑλεῖν
1139 3209 1190 3274 vel
1213 3212 1285 3286 ἕλος
1309 3232 1359 3275 as-

201 3289 330 3376 signant
357 3291 478 3357 Athen.
501 3294 580 3360 XV.
606 3297 680 3361 673.
704 3296 747 3361 A.
777 3296 887 3383 Etym.
911 3296 960 3361 M.
985 3301 1124 3382 Δεσμοῒς
1148 3295 1357 3376 ἀπευθύνειν,

200 3377 288 3461 quod
303 3376 421 3446 Suidas
445 3404 485 3447 ex
506 3381 539 3447 h.
562 3383 584 3447 l.
599 3384 732 3469 profert,
755 3393 925 3471 praeterea
938 3374 1004 3451 non
1018 3386 1149 3473 legitur,
1171 3408 1234 3450 nec
1250 3394 1358 3452 tamen

199 3468 377 3534 mutatione
401 3492 482 3555 opus
506 3480 565 3554 est,
589 3473 648 3538 etsi
671 3473 799 3538 facilem
813 3474 950 3560 praebet
963 3474 1139 3560 Euripides
1158 3474 1265 3540 Andr.
1284 3479 1356 3542 721.

200 3557 317 3621 λέοντα
340 3562 490 3624 ἐντείνειν
512 3556 655 3646 βρόχοις.

286 3644 329 3711 V.
353 3647 405 3712 75.
462 3645 510 3712 Ori
538 3646 602 3730 σῖγ’
631 3647 737 3729 ἀνέξει
764 3652 847 3734 μηδὲ
871 3653 995 3717 ὃειλλοιν
1017 3649 1125 3733 ολρεῖςς
1153 3651 1232 3717 Tria
1254 3652 1358 3737 prima

199 3730 299 3798 verba
334 3733 426 3800 affert
453 3735 618 3802 Planudes
653 3737 686 3803 in
720 3737 848 3804 Aneod.
876 3739 1079 3805 Bachmanni
1107 3764 1140 3825 p.
1165 3743 1218 3806 96.
1251 3742 1291 3809 Τ.
1314 3742 1356 3808 Π.

200 3818 305 3887 Oodd.
329 3824 368 3887 Γ.
391 3823 451 3889 La.
475 3824 538 3890 Lb.
564 3823 657 3911 ἄρης,
685 3828 721 3893 θ.
747 3825 837 3912 ἀρεῖς
859 3852 910 3912 γρ.
935 3824 1028 3913 δέρης,
1053 3830 1201 3916 plerique
1224 3837 1258 3895 et
1278 3830 1356 3896 Ald.

198 3907 300 3997 ἀρεῖς,
323 3911 474 3998 idemque
496 3914 617 4002 legitur
639 3938 691 4000 ap.
717 3913 829 3982 Schol.
845 3916 929 3982 Ven.
946 3917 972 3982 I.
1000 3920 1072 3985 148.
1097 3919 1152 4003 qui
1175 3918 1264 3984 hunc
1285 3943 1357 3986 ver·

199 4021 271 4064 sum
293 4003 531 4088 transscripsit,
561 4011 594 4067 et
611 4003 804 4090 jamdudum
827 4005 980 4072 Dawesio
1003 4016 1178 4093 praeeunte
1201 4008 1301 4074 Misc.
1324 4033 1356 4094 p.

199 4089 273 4153 221.
296 4101 464 4178 receptum
486 4101 545 4157 est.
569 4092 688 4160 Trach.
708 4094 802 4161 1183.
828 4092 867 4159 οὐ
890 4099 1025 4162 θᾶσσον
1049 4095 1147 4173 οἴσεις
1169 4095 1253 4180 μηδ’
1280 4095 1356 4162 ἀπι-

7 4258 13 4270 ι
199 4173 329 4258 στήσεις
357 4185 447 4266 spol,
476 4179 573 4246 Plato
597 4179 709 4268 Symp.
729 4183 801 4248 175.
825 4181 865 4247 Β.
894 4182 1014 4249 οὐκοῦν
1043 4188 1151 4262 καλεῖς
1175 4180 1278 4252 αὐτὸν
1302 4188 1357 4251 καὶ

143 4277 186 4325 107
199 4257 245 4345 μὴ
269 4263 428 4357 doricam,-
455 4268 535 4333 Eur.
558 4268 661 4356 Hipp.
677 4272 753 4336 498.
783 4267 855 4357 οὐχὶ
879 4275 1076 4356 συνκλείσεις
1098 4277 1154 4339 καὶ
1176 4269 1224 4360 μὴ
1246 4271 1356 4356 μεθή-

200 4371 281 4435 σεις,·
317 4364 349 4420 et
376 4357 495 4422 omissa
525 4359 644 4443 copula
672 4358 794 4424 Aesch.
827 4357 919 4447 Sept.
942 4362 1016 4427 252.
1053 4360 1092 4427 οὐ
1113 4370 1220 4447 σῖγα,
1254 4365 1357 4447 μηδὲν
